2606 4040
199 272 264 322 v111
575 255 794 306 PRAEFATIO.

199 414 298 489 σθαι,
322 428 392 476 cum
415 409 481 470 cdd.
495 408 537 469 Ρ.
561 408 676 488 ubique
698 409 862 488 praebeant
884 407 1081 488 γίγνεσθαι,
1105 395 1168 476 nisi

198 497 277 576 quod
298 494 373 556 Pbd.
396 489 494 564 40,.2
517 490 570 562 41,
586 489 616 554 2.
640 493 752 556 habent
773 493 912 573 γᾞνεται
940 493 1054 555 Eodem
1076 495 1168 556 modo

196 579 327 641 libriP
351 579 495 640 exhibent
517 580 645 640 formam
667 574 949 659 ytyooo'oxetv‚M
972 574 1165 656 γινώσκειν.

196 664 345 766 Equidem
372 663 523 725 librosP.
548 666 633 743 sequi
655 664 764 735 malui,
788 683 878 766 quam
899 665 954 735 M.,
979 683 1048 726 cum
1071 663 1169 726 Cebes

196 753 229 811 in
258 767 364 811 eorum
392 767 519 810 numero
547 767 613 810 esse
641 749 793 820 videatur,
822 753 875 829 qui
903 752 983 810 sicut
1010 748 1167 830 Polybius

195 837 350 915 Appianus
378 842 496 896 veteres
522 833 583 894 Att'
561 839 638 896 ticos
667 835 778 896 imitati
806 842 886 895 sunt.
917 832 973 914 (cs.
1001 835 1089 896 Thes.
1118 851 1167 911 gr.

195 920 317 998 linguae
339 919 397 980 vol.
420 918 458 988 ΡΙ,
481 913 565 998 621.)
609 918 671 979 Nec
692 925 795 980 tamen
817 921 1029 998 praesertim
1020 937 1053 980 in
1074 936 1166 999 quae·

195 1006 294 1065 stione
322 1011 384 1064 tam
412 1002 558 1081 impedita
580 1020 692 1081 negare
715 1005 828 1074 ausim
859 1004 948 1064 aliter
974 1021 1063 1083 posse
1083 1001 1165 1080 judi·

195 1091 268 1150 cari.
295 1088 409 1149 Eadem
424 1089 626 1149 inconstantia
641 1086 715 1148 libri
730 1091 825 1149 sunt
816 1107 848 1149 in
864 1088 1042 1150 exhibendis
1057 1089 1165 1148 formis

194 1166 306 1244 οὐδείς
328 1180 358 1234 et
380 1165 513 1250 οὐθείς,
543 1169 659 1252 μηδείς
680 1181 710 1234 et
739 1171 868 1253 μηθεὶς.
912 1173 1021 1234 Forma
1049 1160 1164 1242 οὐδείς

87 1247 98 1260 “
194 1256 335 1318 omnibus
364 1256 453 1319 libris
481 1257 743 1318 consentientibus
772 1260 880 1336 viginti
908 1257 985 1319 locis
1015 1257 1160 1324 occurrit,

194 1337 311 1414 οὐθείς
333 1341 435 1402 semel.
472 1341 634 1403 Praeterea
651 1338 700 1414 15,
716 1338 746 1402 2.
764 1341 842 1404 banc
866 1345 993 1405 formam
1015 1341 1164 1444 praebent

193 1424 554 1496 Pahd„uoiu.1³0..v
578 1420 695 1498 συθείς
716 1426 840 1498 babent,
862 1424 915 1499 35,
939 1424 970 1487 4
993 1425 1031 1488 Μ.
1056 1419 1166 1486 οὐθέν

192 1511 299 1580 habet,
323 1512 356 1571 V.
380 1503 498 1584 odddm
527 1510 619 1572 deP.
642 1510 733 1572 libris
755 1511 882 1572 dubium
905 1519 965 1580 est,
989 1528 1078 1590 quam
1101 1511 1164 1569 ior·

193 1596 316 1656 mamb.
334 1596 353 1656 l.
371 1594 510 1656 babeant.
534 1591 646 1676 μηθέν
666 1615 728 1656 uno
751 1596 819 1656 loco
834 1595 979 1657 exhibent
1002 1594 1069 1656 cdd.
1086 1592 1163 1652 Pbd

145 1732 148 1749 ,
190 1677 243 1750 41,
262 1678 290 1740 l.
313 1679 461 1760 Equidem
483 1697 544 1740 non
565 1679 702 1741 dubitavi
724 1680 838 1780 ubique
861 1673 972 1752 οὐδείς
994 1686 1024 1740 et
1046 1673 1164 1756 μηδείς

192 1763 339 1835 scribere,
364 1782 433 1826 cum
449 1763 575 1825 credere
598 1783 659 1825 nou
680 1768 795 1845 possim
811 1767 993 1845 scriptorem
1016 1761 1164 1824 ambabus

190 1851 297 1911 formis
319 1855 440 1928 permut
427 1847 527 1911 tandis
547 1849 722 1911 lusisset
690 1851 729 1911 cf.
745 1850 834 1912 Thes.
851 1867 897 1930 gr.
913 1849 1034 1928 linguae
1056 1847 1116 1909 vol
1128 1846 1164 1916 V,

190 1930 285 1994 2373
316 1935 402 2006 Quod
424 1933 497 1994 libri
520 1937 640 2012 saepius
662 1935 741 2012 ποῦ,
766 1928 854 1995 ὅπου
877 1943 907 1996 et
894 1935 1021 1996 tsemel
1044 1917 1087 1992 οὗ
1110 1949 1164 1992 cx-

190 2017 312 2088 bibent,
343 2018 398 2079 ubi
421 2016 513 2079 verba'
541 2025 655 2079 motum
677 2018 714 2079 ad
741 2019 843 2080 locum
866 2020 1068 2098 significantia
1090 2019 1161 2093 ποῖ,

190 2095 280 2182 ὅποι,
305 2089 337 2161 οἶ
358 2103 532 2181 requirunt,
557 2111 742 2181 consequent
744 2122 777 2164 er
729 2103 866 2164 tillas
888 2105 1001 2166 formas
1023 2101 1162 2163 librariis

191 2186 408 2267 relinquendas
425 2206 491 2248 esse
513 2188 626 2264 putavi.
651 2187 691 2248 ci.
708 2187 741 2248 L.
757 2188 970 2250 Diodorfium
962 2205 994 2248 m
1009 2185 1152 2265 praeta(
1124 2185 1161 2244 ad

188 2271 316 2332 Dionem
283 2271 445 2416 'lbflqqys
470 2273 504 2334 G.
521 2271 742 2333 Dindorfium
734 2291 765 2333 in
788 2273 865 2333 thes.
889 2291 935 2350 gr.
959 2272 1079 2348 linguae
1101 2268 1159 2329 vol.

272 2441 337 2500 Jam
360 2447 454 2501 restat
477 2447 510 2500 ut
531 2440 568 2500 de
591 2439 718 2518 singulis
741 2438 927 2581 quibusdam
943 2437 1018 2500 locis
1041 2444 1158 2515 agatur.

187 2522 295 2584 Verbis
338 2521 453 2593 uae3,
468 2521 499 2585 3.
521 2524 627 2601 legunt
629 2542 681 2585 ur:
712 2519 927 2602 καθάπεροί
946 2519 1002 2585 ἐπὶ
1016 2519 1162 2602 τιμωρίᾳ

186 2543 528 2687 uapudtddpevoct
475 2627 515 2668 no
515 2610 584 2669 titia
604 2608 663 2688 τῆς
682 2607 850 2689 repentae
872 2610 1065 2688 anticipatur,
1081 2623 1158 2686 quae

65 2685 68 2695 '
186 2692 304 2752 decimo
321 2692 440 2753 demum
464 2695 562 2772 capite
578 2691 763 2756 describitur
784 2702 937 2774 tamquam
960 2693 1079 2762 mulier,
1103 2691 1155 2752 ssa-

186 2776 298 2854 gellum
312 2784 429 2837 tenens.
460 2777 576 2856 Hospes
592 2796 661 2838 eum
683 2778 817 2840 nondum
832 2781 924 2848 novit,
947 2777 1003 2839 ubi
1023 2777 1157 2856 primum

185 2878 201 2920 a
230 2879 302 2922 sene
330 2869 546 2922 commemorat
546 2881 585 2922 ur
610 2859 644 2932 9
667 2861 698 2923 4.
735 2862 805 2924 Ideo
832 2865 1000 2942 interrogat
1027 2879 1146 2922 senem:

185 2939 321 3006 uotud'
346 2943 439 3006 ἔστιν
461 2939 562 3024 ob'cq3
592 2946 658 3008 Huc
687 2949 805 3009 accedit
832 2951 1033 3010 inconstantia
1061 2945 1160 3007 libro·

184 3047 253 3089 rum
280 3031 461 3108 scripturae.
505 3030 622 3091 Exinde
658 3032 818 3094 admodum
848 3033 1087 3098 verisimilem,
1124 3049 1159 3093 ea

184 3113 278 3174 verba
300 3113 485 3176 additament
472 3122 537 3176 tum
561 3133 627 3176 esse
651 3116 783 3180 alienum
808 3137 825 3179 a
846 3121 1006 3198 scriptore,
1030 3117 1087 3180 hoc
1109 3118 1156 3178 vel

185 3198 238 3258 illo
261 3199 351 3260 modo
375 3201 506 3261 orationi
528 3203 687 3263 insertum.

268 3283 382 3344 Eodem
410 3283 499 3346 modo
522 3282 556 3355 t,
579 3282 599 3345 3
628 3287 823 3356 factumest,
855 3295 889 3347 ut
909 3281 1094 3365 μαινομένη
1124 3289 1156 3348 in

183 3373 297 3428 textum
321 3371 482 3447 irreperet,
506 3368 586 3449 quod
608 3372 776 3432 verisimile
795 3379 840 3433 est
862 3372 1018 3441 lectorem,
1042 3389 1155 3432 memn-

182 3469 247 3512 rem
276 3452 337 3514 loci
366 3456 417 3533 qui
452 3453 554 3533 paulo·
572 3455 651 3516 infra
678 3456 892 3537 subsequitur,
921 3456 958 3517 ed
985 3459 1155 3536 marginem

183 3539 353 3617 scripsisse.
377 3537 451 3600 Nam
474 3541 606 3618 primurn
622 3541 745 3620 quidem
760 3538 813 3613 30,
830 3539 860 3604 3.
884 3541 1047 3604 Fortunam
1062 3559 1153 3604 senex
