2606 4040
534 217 741 281 ,33„.

230 367 267 441 Ξ.
295 360 400 440 Εἰκός
418 386 469 446 γε,
488 361 524 428 ἐκ
541 358 667 428 τοάτου
686 357 753 446 άρα
770 361 832 428 τοῦ
851 358 968 445 λόγου.

231 474 273 534 Π.
297 461 390 533 Οὐδὲ
404 461 422 531 ὁ
437 463 583 540 πλοῦτος
597 459 732 547 ἀγαθάν
748 463 850 548 ἐστιν,
869 471 963 550 είπερ
982 456 1022 564 oc}¹
1038 467 1121 548 βοη-

155 576 214 634 θεῖ
228 581 300 644 τοῖς
320 571 454 650 ἔχουσιν
474 559 581 631 αὐτὸν
599 569 648 642 είς
665 563 703 630 τὰ
724 569 881 651 βελτίους
899 560 993 630 εἶναι.

229 672 267 747 Ξ.
288 674 450 736 Φαίνεται
467 662 585 744 οὕτως.

233 779 276 839 Π.
299 766 391 837 Οὐδὲ
410 767 573 854 συμφέρει
591 763 656 855 άρα
672 770 775 846 ἐνίοις
794 774 968 854 πλουτεῖν,
982 763 1063 834 ὅταν
1076 766 1121 854 μὴ
1139 775 1155 822 4

155 872 357 939 ἐπίστωνται
374 871 421 961 τῷ
441 867 580 960 πλοάτῳ
598 871 751 958 χρῆσθαι.

230 976 267 1050 Ξ.
287 982 395 1041 Δοκεῖ
410 997 474 1059 μοι.

139 1067 141 1070 ’
231 1075 314 1152 Πῶς
338 1063 402 1142 οὖν
426 1072 528 1140 τοῦτο
552 1069 595 1139 ἄν
618 1099 668 1151 τις
693 1086 803 1162 κρινεῖ
824 1069 960 1158 ἀγαθόν
985 1068 1120 1160 alexand

154 1174 315 1254 πολλάκις
332 1173 373 1243 οὐ
394 1174 557 1263 συμφέρει
574 1171 762 1263 damoxeum

229 1282 266 1357 Ξ.
299 1274 478 1364 Οὐδαμῶς.
1137 1284 1153 1332 5

229 1389 271 1448 Π.
296 1376 438 1448 Οὐκοῦν
453 1383 486 1447 εί
500 1378 563 1465 μέν
575 1402 625 1456 τις
640 1379 814 1447 ἐπίσταται
824 1375 1117 1467 πλοάτῳχρῆσθαι

151 1483 262 1559 καλῶς
279 1481 336 1548 καὶ
357 1482 534 1567 ἐμπείρως,
552 1469 590 1546 εὖ
615 1477 786 1567 βιώσεται·
811 1485 845 1548 εί
860 1477 899 1546 δὲ
917 1477 975 1566 μὴ,
993 1482 1116 1558 κακῶς.

227 1585 265 1664 Ξ.
288 1579 515 1670 Ἀληθέστατά
531 1605 587 1669 μοι
604 1587 718 1660 δοκεῖς
732 1583 834 1652 τοῦτο
852 1581 972 1666 λέγειν.

227 1677 308 1750 XL.
337 1692 380 1752 ΙΙ.
401 1683 470 1751 Καὶ.
487 1681 526 1750 τὸ
536 1681 737 1752 σάνολονᾶέ
744 1685 828 1752 ἐστι·
843 1681 882 1754 τὸ
897 1684 997 1770 τιμᾶν
1010 1684 1119 1751 ταῦτα

152 1782 198 1864 οἱς
216 1783 330 1871 ἀγαθά
347 1781 443 1871 ὄντα,
459 1780 480 1870 ἢ
498 1781 662 1872 άτιμαξειν
681 1782 727 1863 ode
744 1783 844 1870 κακά,
860 1786 979 1854 τοῦτο
994 1781 1028 1852 δ’
1051 1790 1119 1852 ἔστι

150 1886 188 1954 τὸ
204 1885 371 1975 ταράττον
387 1882 695 1972 τούςάνθρεάπους
708 1886 764 1954 nol
778 1884 946 1974 βλάπτον·
967 1883 1048 1954 ὅταν
1067 1911 1118 1952 τι-

150 1990 236 2074 μῶσι
250 1986 281 2055 τ’
301 1985 389 2056 αὐτὰ
402 1989 466 2056 aad
480 1996 618 2056 οἴωνται
631 1986 685 2056 διὰ
695 1986 826 2059 τοάτιιυ
839 1985 957 2074 μόνον
973 1985 1062 2056 εἶναι
1078 1988 1117 2056 τὸ

150 2087 365 2178 εὐδαιμονεῖν
376 2092 394 2177 ,’
413 2090 470 2158 καὶ
495 2087 603 2158 πάνθ’
618 2090 803 2176 «ἑπομένως,
830 2088 988 2179 πράττειν
1016 2091 1115 2158 ἕνεκα

70 2259 76 2268 ,
149 2190 295 2280 τοάτων,
315 2192 373 2260 καὶ
387 2190 428 2258 τὰ
442 2189 646 2278 ἀσεβέστατα
655 2194 824 2260 donodono
838 2188 924 2259 εἶναι
938 2190 983 2278 μὴ
993 2214 1117 2279 παραι-

148 2295 281 2361 τῶνται.
328 2295 443 2362 Ταῦτα
466 2290 504 2360 δὲ
528 2292 695 2381 πάσχουσι
718 2291 773 2361 διὰ
803 2292 866 2380 τὴν
891 2296 954 2361 τοῦ
980 2289 1150 2380 άμαθοῦν

149 2525 230 2578 Pon:
255 2523 315 2576 nod
345 2515 543 2584 δλὸπλοῦτος
561 2525 598 2576 Μ.
618 2524 664 2574 Ρο.
684 2515 770 2574 ποῦὸ
788 2521 911 2583 πλοῦτος
922 2525 955 2577 V.
978 2523 1116 2589 φαίνεται

148 2581 249 2656 οὕτως]
272 2593 314 2643 sic
336 2593 459 2644 scribare
478 2593 585 2659 placuit
603 2593 795 2643 consentiente
814 2591 931 2655 Οάιιίο,
951 2593 998 2657 qui
1015 2593 1115 2642 vertit:

149 2661 191 2709 ita
208 2667 454 2726 proreuaapparet.
474 2666 503 2712 ot
511 2659 697 2712 concinnitate
711 2659 845 2710 sermonis
866 2659 939 2709 hanc
950 2665 1116 2710 structuram
1210 2679 1214 2695 ι

150 2727 366 2780 commendante.
381 2723 420 2780 ’4.
438 2717 509 2782 ὅταν
527 2722 566 2794 μὴ
588 2720 759 2780 ἐπίστωνται
782 2724 856 2792 conj.
873 2725 1028 2793 Schweigh.
1045 2713 1117 2780 ὅταν

148 2789 187 2862 μή
210 2789 380 2848 ἐπίστανται
398 2796 477 2848 codd.
496 2812 531 2851 m.
548 2822 583 2833 ·-
600 2786 638 2846 ἄν
660 2811 705 2854 τις
722 2799 817 2864 κρινεῖ
832 2795 870 2847 Μ.
886 2795 934 2846 Ρο.
952 2797 997 2847 V.:
1016 2787 1054 2846 άν
1071 2811 1116 2855 τις

148 2861 244 2928 κρίνοι
254 2863 323 2915 Rbd.
338 2863 376 2915 ολ.
391 2866 432 2929 14,
445 2868 470 2916 4.
976 2915 978 2927 .

166 2949 168 2955 ’
200 2932 258 2982 ΧΙι.
278 2929 327 2982 καλ
347 2922 379 2983 τὸ
399 2926 521 2985 συνόλου
534 2926 567 2982 de'
585 2924 662 2982 ἐστιν
674 2931 711 2985 Μ.
723 2931 825 2984 Pbed.:
840 2928 892 2984 ,καί
906 2925 937 2982 τὰ
949 2925 1071 2984 συνόλου
1080 2926 1115 2982 da'

147 3001 179 3050 V.
202 3023 236 3038 --
259 2985 331 3051 ὅταν
352 2999 454 3064 τιμῶσι
471 2994 500 3052 τ’
519 2990 603 3064 αάτά]
620 2985 695 3051 Ιὅταν
712 2998 812 3064 τιμῶσι
836 3015 866 3051 τε
892 2990 966 3050 αὐτά
984 3000 1016 3050 V.
1043 2987 1115 3052 ὅταν

146 3066 285 3133 τιμῶνται
303 3067 340 3117 Μ.
359 3067 446 3122 Pbcd.
468 3095 501 3106 -
521 3067 641 3120 οἴωνται
657 3069 696 3119 Μ.
714 3066 797 3118 Pbd.:
816 3064 928 3118 οίονται
955 3067 1002 3120 Ρο.
1018 3066 1051 3119 V.
1079 3093 1113 3103 -

147 3134 197 3186 καὶ
215 3126 308 3188 πάνθ’
326 3125 471 3201 ἑπομένως
489 3151 581 3188 omues
600 3135 662 3190 cdd.
681 3151 730 3186 m:
747 3133 798 3186 ιιαλ
809 3124 902 3188 πάνθ’
921 3127 1114 3200 ὑπομένοντες

146 3203 373 3255 Hemetorhuaiua
391 3204 420 3254 in
438 3205 512 3255 notia
521 3202 557 3256 ad
570 3203 665 3256 nescio
679 3215 758 3267 quem
771 3203 861 3254 locum
873 3202 993 3252 Lucieni
1003 3217 1115 3267 operum

149 3269 277 3334 conjecit.
297 3303 330 3313 -
347 3263 486 3389 πράττειν
504 3273 542 3322 Μ.
560 3270 631 3325 Pbd.
649 3271 699 3324 M.:
718 3262 895 3335 πράττουσιν
908 3270 955 3320 Ρο.
969 3270 1001 3323 V.
1021 3297 1056 3306 -
1072 3266 1111 3336 μὴ

146 3337 343 3404 παραιτοῦνται
388 3340 433 3390 bd.
458 3339 506 3393 0.:
530 3341 559 3389 iu
581 3339 618 3388 M.
640 3339 688 3388 Po.
711 3340 744 3392 V.
768 3339 838 3390 hacc
860 3337 999 3389 vocabulo
1017 3337 1114 3388 desunt

146 3410 242 3482 auecta
260 3406 373 3468 lacuna,
394 3423 464 3474 quaa
476 3407 596 3458 fortasse
609 3410 670 3457 orta
683 3409 735 3465 cat,
750 3420 810 3483 cum
823 3406 858 3456 ab
873 3399 949 3457 εἶναι
963 3405 998 3454 ad
1010 3421 1113 3485 παρμι·

147 3489 252 3525 τωυται
270 3473 380 3525 librarii
392 3476 467 3526 oculi
483 3476 650 3526 aberrarent.
662 3501 696 3510 -
714 3471 765 3525 dac
783 3466 837 3539 τὴν
854 3472 906 3524 τοῦ
926 3465 1044 3539 άγαθοῦ
1062 3491 1113 3541 αγ-

148 3537 258 3609 νοιαν].
278 3541 311 3594 Iu
328 3541 371 3594 his
389 3544 481 3596 verbis
500 3543 604 3596 desiuit
621 3543 663 3594 cd.
675 3543 727 3594 Ρο.
746 3557 806 3594 cum
826 3542 868 3594 cd.
887 3541 972 3593 Maib.
984 3542 1112 3606 Reliqua,

197 3634 276 3676 cauus.
943 3629 959 3678 3
