2606 4040
514 249 733 304 PRAEFATIO.
1075 267 1114 315 XI

144 413 282 468 cuiorcm
306 403 450 484 incipere,
474 402 531 465 hcc
554 404 674 482 signum
689 404 840 476 omisisse3
864 423 932 466 nam
955 405 1030 468 locis
1053 410 1113 470 cir-

144 492 222 554 citer
245 495 366 550 centum
383 490 600 568 quinquaginta
616 487 709 558 deest,
734 496 855 552 centum
871 492 1001 551 orationi
1017 493 1113 552 inter·

143 582 258 636 sertum
281 582 337 635 cst.
370 573 474 653 ltaque
490 572 704 652 suspicandum
719 580 765 634 est
779 576 900 654 saepius
921 573 1051 637 lectores
1066 577 1114 636 vel

142 659 286 721 librarios
309 658 384 719 illud
406 658 443 718 ad
466 659 633 736 marginem
656 659 824 737 scripsisse,
847 659 927 720 unde
949 662 983 721 in
997 669 1113 723 textum

142 745 277 824 irrepsit.
312 742 398 818 Quod
421 741 543 821 quidem
565 743 608 803 ita
630 760 662 802 sc
685 742 808 813 hahere,
832 746 1028 806 confirmatur
1050 745 1112 807 lec·

140 831 224 891 tione
248 828 363 889 codicis
384 826 441 896 M„
465 829 517 906 qui
541 823 597 896 16,
621 823 651 887 9.
676 825 765 907 φημί
783 827 888 900 hahet,
919 847 988 891 oum
1017 831 1112 891 ceteri

142 932 247 975 omncs
269 909 357 993 ἔφην
379 909 550 974 exhibeant.
587 910 701 972 Eodem
723 915 855 992 pertinet
872 913 967 985 locus,
991 917 1044 994 qui
1067 921 1112 976 est

140 995 171 1068 5,
197 995 231 1070 1,
254 996 310 1058 uhi
331 1015 387 1076 pro
410 989 511 1076 δρᾷς,
541 984 614 1057 εἶπε
637 1014 706 1058 curn
727 997 766 1059 M.
791 1000 901 1078 scripsi
929 991 1012 1081 ὁρᾷς
1034 983 1110 1077 οὖν,

141 1102 211 1144 cum
226 1100 373 1162 nusquam
394 1083 427 1142 in
442 1084 550 1160 pinace
574 1077 681 1141 εἰπεῖν
703 1099 759 1160 pro
782 1078 890 1161 φάναι
912 1085 956 1145 sic
979 1085 1111 1145 orationi

139 1171 336 1229 intersertum
358 1166 539 1227 inveniatur.
569 1166 609 1226 ci.
624 1161 676 1235 30,
692 1163 722 1227 3.
746 1162 797 1238 32,
820 1163 851 1228 3.
886 1167 1034 1230 Similiter
1056 1164 1108 1239 29,

138 1249 169 1314 3.
192 1270 282 1314 voces
304 1247 381 1330 ἔφη,
405 1241 468 1312 οὔκ
491 1249 651 1311 delendum
672 1250 720 1311 vel
743 1259 826 1312 certe
842 1254 930 1314 uncis
952 1253 1109 1314 includen-

139 1336 211 1398 dum
234 1355 299 1398 esse
323 1336 404 1404 duxi,
428 1352 497 1396 cum
519 1352 684 1414 nusquam,
708 1334 788 1415 quod
811 1338 884 1407 scio,
909 1333 974 1418 ἔφη
998 1340 1109 1398 oratic·

138 1440 209 1484 nem
237 1422 373 1502 incipiat,
397 1437 493 1501 eoque
514 1421 610 1498 magis
632 1419 686 1480 has
708 1438 797 1482 voces
819 1429 971 1501 tamquam
994 1422 1108 1482 addita·

138 1514 273 1568 mentum
303 1525 319 1566 a
347 1503 458 1566 (lebate
486 1504 617 1566 alienum
650 1505 866 1566 removendum
894 1525 960 1568 esse
989 1525 1107 1576 censeo,

137 1590 219 1671 quod
242 1588 346 1652 cadem
370 1588 487 1669 ellipsis
509 1589 659 1669 particula
680 1586 745 1670 γάρ
768 1599 913 1670 sequente
936 1593 1108 1654 inveniatur

136 1673 194 1746 33,
217 1671 254 1746 5,
277 1673 332 1735 uhi
353 1674 536 1736 Meihomius
558 1677 729 1754 suspicatus
751 1681 798 1736 est
819 1668 924 1736 οὐδέν
946 1685 1014 1739 ante
1038 1674 1109 1738 ἔστι

136 1756 201 1838 γάρ
225 1757 420 1820 scribendum
444 1777 520 1819 esse.

221 1840 256 1914 5,
278 1840 310 1903 2.
333 1851 363 1904 et
392 1843 509 1904 duobus
532 1842 602 1904 aliis
629 1841 705 1903 locis
735 1839 790 1913 19,
813 1840 844 1904 4.
865 1839 926 1915 22,
951 1842 980 1904 1.
1004 1847 1107 1906 invitis

136 1928 224 1991 libris
246 1945 302 2008 pro
326 1927 424 1988 dativo
446 1925 486 2004 τῆ
509 1921 629 2006 ἑαυτῆς
650 1920 794 2007 δυνάμει
821 1928 1017 1991 scribendum
1040 1948 1106 1990 esse

136 2015 207 2076 duri
228 2006 292 2092 τήν
315 2007 436 2092 ἑαυτῆς
457 1989 616 2091 δύναμιν,
640 2015 718 2074 οἰοιοῖ
735 2008 784 2083 19,
804 2009 831 2074 1.
855 2021 939 2076 recte
961 2017 994 2074 in
1016 2013 1106 2075 lihris

136 2097 257 2177 legitur.
289 2096 365 2158 Nam
379 2115 446 2158 mea
460 2095 583 2175 quidem
598 2099 749 2158 sententia
769 2097 812 2176 τῇ
827 2094 949 2178 ἑαυτῆς
962 2089 1107 2178 δυνάμει

136 2183 178 2244 nil
207 2183 381 2261 significare
403 2188 517 2260 potest,
547 2183 609 2242 nisi
632 2183 737 2243 suavi
761 2177 810 2260 (ci.
834 2179 891 2255 23,
914 2181 945 2245 3.
968 2179 1027 2254 23,
1050 2180 1104 2264 4.).

136 2266 194 2328 Sed
216 2270 255 2328 iis
282 2267 359 2328 locis
382 2263 553 2345 dequibus
576 2268 676 2345 agitur
699 2263 842 2346 δύναμις
869 2269 1020 2346 significat
1042 2287 1105 2329 me·

136 2352 339 2413 dicamentum
368 2357 398 2412 et
425 2346 572 2424 ποτίζειν
601 2369 721 2431 semper
754 2371 824 2414 cum
857 2355 1030 2414 accusativo
1058 2355 1105 2413 rei

135 2454 222 2518 quam
245 2439 314 2514 quis
335 2436 478 2515 propinat
500 2438 697 2498 construitur.

224 2518 274 2591 10,
290 2517 321 2580 4.
345 2537 406 2580 non
429 2525 474 2580 est
497 2538 552 2581 cur
575 2520 666 2581 lectio
688 2519 839 2583 librorum
861 2517 1104 2602 κακοδαιμονίᾳ

134 2606 166 2666 in
188 2607 392 2684 suspicionem
414 2611 548 2665 vocetur.
586 2604 661 2666 Nam
683 2605 762 2686 quod
789 2606 878 2684 paulo
902 2613 971 2667 ante
993 2604 1103 2664 Κακο-

134 2685 292 2767 δαιμονία
319 2707 375 2769 per
397 2691 649 2769 prosopopoeiam
676 2698 829 2770 tamquam
851 2690 958 2750 domus
980 2706 1103 2769 reprac-

133 2780 286 2843 sentatur,
317 2774 368 2835 hic
390 2773 514 2834 solitum
536 2775 738 2852 significatum
768 2774 873 2845 hahet,
902 2775 960 2836 hoc
983 2776 1103 2854 saepius

133 2859 166 2918 fit
188 2860 221 2918 in
243 2857 301 2920 hoc
324 2858 453 2936 dialogo.
490 2859 612 2920 Etenim
634 2861 677 2920 ita
699 2858 812 2939 ubique
836 2861 966 2939 scriptor
990 2859 1102 2937 allego·

57 2977 63 2984 ·
132 2944 210 3004 riam
239 2959 308 3004 cum
336 2945 588 3022 interpretatione
616 2947 787 3014 contexuit,
817 2953 850 3006 ut
879 2944 985 3005 eadem
1017 2946 1101 3004 notio

11 3017 12 3030 ¹
132 3027 220 3088 modo
242 3029 487 3108 personillcetur,
511 3028 600 3090 modo
622 3032 746 3108 proprie
766 3029 895 3091 dicatur.
925 3031 965 3092 ci.
982 3021 1103 3106 άγνοια

11 3119 13 3138 “
130 3107 165 3181 5,
181 3109 211 3173 3.
236 3109 271 3183 6,
287 3109 318 3174 3.
341 3109 398 3183 40,
414 3107 445 3172 2.
475 3121 580 3174 contra
604 3111 707 3183 19,5.
729 3109 787 3184 23,
812 3112 840 3174 1.
862 3110 919 3185 25,
940 3110 972 3174 2.
995 3109 1100 3182 27,4.

131 3192 258 3268 πλάνος
278 3193 337 3269 23,
350 3197 378 3258 l.
402 3203 507 3260 contra
531 3194 586 3267 19,
602 3193 633 3260 5.
657 3191 757 3278 δσχδν
779 3195 837 3259 uoci
849 3194 981 3279 θάρσος
1003 3195 1053 3266 16,
1070 3193 1100 3258 5.

130 3276 259 3361 θάρσος
281 3278 338 3343 καὶ
361 3275 488 3362 άφοβία
512 3280 562 3352 18,
578 3278 609 3342 4.
636 3278 685 3353 19,
701 3280 732 3344 5.

216 3363 266 3438 13,
276 3363 307 3427 2.
331 3367 390 3429 Pro
406 3366 664 3448 περιπατητιαοί
673 3367 923 3448 schweighauser
938 3368 1101 3430 lectionem

131 3450 270 3512 codicum
297 3470 377 3512 man.
405 3452 443 3514 Μ.
467 3452 538 3514 Ροδ.
568 3452 784 3533 acarnanum
808 3457 938 3535 recepit,
968 3452 1100 3531 allegans

128 3535 236 3598 Athen.
253 3535 305 3607 lV,
329 3536 412 3598 Tem.
429 3537 469 3608 ll,
493 3558 522 3617 p.
543 3533 609 3599 213
631 3557 696 3619 sqq.
734 3539 792 3602 Sed
823 3540 955 3619 primum
977 3537 1098 3618 quidem
