2606 4040
511 275 732 330 raanrarro.
1059 243 1127 340 vfl'

136 451 207 495 eam
229 431 389 513 supplevit.
433 431 602 509 Utcumque
630 449 680 492 res
702 449 734 492 se
756 429 863 501 habet,
892 432 973 494 haud
1000 431 1109 494 inutile

138 535 212 579 sane
234 518 329 580 fuerit
350 516 431 577 hune
454 516 591 577 codicem
613 522 755 577 accurate
776 523 930 578 excutere.

225 602 269 663 dd
291 601 440 662 editiones
456 600 536 679 quod
559 601 675 670 attinet,
693 599 856 679 diligenter
878 603 910 662 in
925 598 1038 678 majore
1061 600 1108 662 ed.

34 719 37 724 ·
137 686 403 765 Schweighiiuseri
425 691 633 754 recensentur,
656 703 731 764 quae
754 703 850 764 usque
873 684 910 746 ad
932 685 1022 746 tinem
1045 703 1109 747 sae-

141 771 204 832 culi
219 772 317 832 octavi
332 770 443 832 decimi
458 769 648 848 prodierunt.
679 769 791 830 Earum
806 787 866 831 una
882 772 1011 831 maxime
1028 788 1109 830 com·

140 855 335 918 memoranda
358 861 418 926 est,
437 853 575 933 vulgatae
597 854 737 915 lectionis
765 855 1009 923 tundamentum,
1033 872 1110 934 quae

139 940 198 1002 sub
222 940 280 1002 hoc
307 938 396 1001 titulo
424 938 552 1018 prodiit:
581 938 713 1018 Epicteti
741 939 950 1009 enchiridion,
978 939 1036 1000 hoc
1065 946 1111 1000 est

140 1026 244 1105 pugio,
268 1026 330 1085 sive
346 1042 394 1084 ars
416 1023 565 1084 humanae
580 1025 659 1085 vitae
682 1026 861 1095 correctrix,
885 1042 946 1085 una
968 1042 1039 1086 cum
1054 1024 1109 1086 Cc·
1185 1083 1188 1090 .

140 1109 220 1171 betis
235 1108 370 1170 Thebani
392 1107 505 1178 tabula,
529 1125 588 1186 qua
610 1109 689 1169 vitae
711 1107 859 1170 humanae
881 1107 1048 1189 prudenter
1063 1110 1110 1169 in·

140 1193 311 1255 stltuendae
333 1195 411 1254 ratio
434 1194 624 1254 continetur:
648 1209 757 1271 graece
781 1201 810 1254 et
832 1194 926 1254 latine
949 1200 1007 1253 etc.
1037 1192 1109 1253 Hie-

139 1295 267 1357 ronymo
282 1277 391 1339 Wolfio
414 1279 592 1356 interprete.
614 1277 760 1347 Basileae,
784 1295 838 1357 per
860 1277 1006 1340 loannem
1029 1275 1109 1356 Opo-

139 1364 243 1423 rinum
272 1358 387 1442 (1560).
430 1361 545 1422 Nititur
571 1379 606 1422 ea
633 1361 680 1422 ed.
712 1362 845 1423 editione
873 1362 1040 1423 Basileensi
1072 1360 1109 1422 ab

137 1447 276 1526 Oporiuo
312 1445 392 1508 edita
426 1453 455 1506 et
492 1445 681 1508 Constantini
717 1445 854 1508 Lascaris
896 1447 1110 1524 grammaticae

139 1531 377 1611 graeco-latinae
400 1530 509 1600 addita,
527 1527 613 1610 eujus
635 1537 736 1592 textus
746 1531 790 1592 ad
811 1533 971 1593 maximam
992 1537 1110 1609 partem

140 1633 210 1678 cum
239 1615 343 1678 codice
372 1634 411 1676 m.
442 1615 493 1677 Pe.
517 1617 679 1677 consentit.
724 1614 987 1694 schweighauseri
1016 1614 1109 1675 editio

138 1699 236 1778 major
251 1703 371 1780 saepius
391 1698 452 1779 jam
469 1707 703 1761 commemorata
725 1699 781 1760 sub
796 1701 855 1762 hoc
875 1699 963 1761 titulo
978 1699 1108 1778 prodiit:

139 1785 273 1865 Epicteti
300 1783 440 1846 manuale
469 1791 499 1845 et
526 1783 646 1846 Cebetis
672 1782 776 1846 tabula
809 1801 916 1862 graece
945 1791 975 1844 et
1005 1783 1108 1845 latine.

140 1871 256 1932 Graeca
278 1870 315 1931 ad
337 1868 427 1930 tidem
449 1875 586 1930 veterum
608 1866 757 1930 librorum
774 1866 873 1930 denuo
892 1869 1056 1937 recensuit,
1080 1874 1110 1928 et

141 1953 251 2015 collata
266 1956 349 2014 omni
371 1953 511 2015 lectionis
527 1955 670 2014 varietate
691 1953 855 2014 vindicavit
877 1952 1108 2031 illustravitque,

139 2038 277 2100 Latinam
303 2040 489 2108 versionem,
519 2037 686 2100 enchiridii
718 2040 913 2119 praesertim,
943 2035 980 2098 ad
1008 2037 1109 2116 graeci

143 2123 273 2202 exempli
311 2125 535 2202 praescriptum
575 2121 741 2201 diligenter
774 2123 950 2200 recognovit
976 2121 1108 2182 loannes

138 2207 400 2285 schweighauser,
424 2209 551 2285 priscar.
568 2207 649 2267 liter.
672 2209 704 2267 in
727 2206 830 2269 schola
851 2208 1009 2284 Argentor.
1026 2205 1107 2266 Prof.

139 2291 225 2372 publ.
249 2299 307 2353 ete.
329 2291 465 2371 Lipsiae,
489 2294 522 2352 in
543 2290 614 2352 libr.
630 2289 888 2352 Weidmanniana.
907 2285 999 2351 1798.
1035 2289 1111 2349 liam

140 2384 244 2438 secuta
273 2383 319 2436 est
341 2395 367 2437 a.
393 2371 475 2437 1806
504 2377 605 2437 minor
627 2375 888 2454 schweighauseri
917 2374 1011 2436 editio
1039 2393 1109 2434 cum
1227 2371 1229 2376 ’

139 2461 276 2523 variante
290 2461 421 2522 lectione
434 2461 573 2522 codicum
588 2479 667 2521 man.
680 2460 712 2521 P.
726 2479 742 2520 a
755 2458 926 2522 Godolredo
939 2458 1107 2534 Schweigh.

139 2547 370 2608 accuratissime
399 2544 545 2606 exhibita.
569 2544 662 2606 Paulo
690 2553 759 2606 ante
783 2545 886 2606 Corais
910 2542 1031 2605 Cebetis
1052 2542 1109 2602 Ta·

140 2630 244 2692 hulam
267 2629 412 2700 ediderat,
436 2647 526 2709 quam
548 2628 713 2690 editionem
733 2629 820 2690 doleo
842 2646 890 2689 me
914 2627 998 2688 nullo
1020 2626 1109 2688 modo

139 2717 277 2776 nancisci
299 2715 442 2794 potuisse.
477 2713 620 2775 Omnium
643 2714 811 2775 editionum
826 2729 902 2792 quae
926 2709 996 2771 inde
1012 2710 1049 2772 ab
1073 2728 1109 2771 eo

139 2809 277 2878 tempore
306 2798 485 2878 prodierunt
514 2797 596 2859 nulla
618 2806 665 2859 est
688 2798 779 2875 digna
807 2795 893 2875 cujus
922 2797 1037 2857 mentio
1059 2797 1109 2855 fiat

140 2887 202 2945 nisi
223 2883 392 2953 Didotiana,
416 2901 492 2963 quae
507 2882 633 2944 Parisiis
656 2901 682 2943 a.
700 2877 783 2942 1840
803 2882 918 2961 prodiit
941 2898 1015 2942 cura
1036 2879 1108 2940 Fre·

141 2969 239 3030 derici
259 2967 405 3038 Ddbneri,
430 2969 483 3046 qui
506 2984 575 3028 cum
598 2969 671 3028 satis
693 2967 794 3028 lacere
816 2965 877 3028 sibi
900 2965 1064 3034 videretur,
1081 2965 1107 3024 si

140 3051 286 3132 majorem
298 3052 560 3129 schweighauseri
575 3052 741 3113 editionem
757 3054 853 3122 „artis
868 3052 994 3111 criticae
1010 3047 1107 3117 docte,

140 3136 307 3216 prudenter
335 3145 365 3199 et
392 3138 611 3216 circumspecte
640 3138 791 3198 exercitae
818 3135 980 3196 mirificum
999 3151 1108 3194 exem·

140 3221 228 3301 plar“
252 3221 478 3302 exprimendam
501 3228 631 3290 curaret,
654 3229 756 3282 tamen
771 3221 907 3299 quamvis
922 3218 1022 3279 obiter
1043 3224 1108 3278 tex-

139 3314 204 3367 tum
226 3314 458 3386 recognosceret
480 3313 510 3366 et
533 3324 593 3367 uno
615 3314 699 3366 certe
721 3304 789 3365 loco
812 3303 995 3366 emendaret.

224 3392 268 3453 dd
282 3398 398 3453 textum
413 3391 470 3452 hac
486 3390 618 3451 editione
631 3391 825 3451 constitutam
836 3386 916 3468 quod
927 3389 1034 3449 attinet
1045 3404 1108 3447 om·

140 3478 213 3540 nino
235 3474 534 3538 animadvertendum
550 3481 604 3546 est,
629 3474 763 3536 codicem
779 3492 818 3533 m.
835 3471 875 3536 M.
892 3490 952 3533 uuo
974 3471 1042 3534 loco
1057 3489 1107 3531 ex-

141 3568 239 3642 cepto,
262 3563 315 3640 qui
338 3568 382 3622 est
406 3557 455 3630 tt,
478 3557 508 3622 3.
533 3557 842 3622 constanter-babere
864 3559 991 3619 formam
1013 3553 1109 3634 pivs-

804 3643 927 3682 wo»
