2606 4040
609 203 796 266 ..2..

297 341 347 416 H.
372 345 613 436 Ἀποροιίντων
627 335 692 414 οὖν
707 343 804 434 ἡμῶν
818 347 895 437 περὶ
909 350 968 433 τῆς
977 353 1193 436 μυθολογίας
1270 435 1271 438 ¹

220 446 485 538 πρόςάλλήλους
495 447 606 516 πολδν
620 445 758 536 χρόνον,
770 456 808 518 Π
811 469 882 534 ρεσ
888 456 910 538 β
919 449 943 518 ν’
949 476 1018 539 της
1036 475 1086 528 τις
1100 473 1192 538 παρ·
1271 470 1272 473 ’

220 549 337 636 εστώς,
358 548 473 620 Οὐδὲν
491 549 603 618 δεινὸν
624 550 780 637 πάσχετε,
799 541 825 617 ὦ
844 552 977 639 ξένοι,
1004 557 1082 638 ἔφη,
1100 548 1189 619 άπο-

220 655 361 740 ροῦντες
379 652 456 741 περὶ
474 655 532 738 τῆς
550 655 684 741 γραφῆς
701 649 837 739 ταύτης·
857 650 940 721 οὐδὲ
957 651 1023 741 γάρ
1041 655 1111 720 τῶν
1130 653 1191 737 ἐγ-
1254 683 1274 708 w

219 761 354 842 χωρίων
382 751 502 821 πολλοὶ
529 756 653 842 οίδασι,
683 760 720 821 τί
741 777 821 821 ποτε
845 751 930 842 αὕτη
955 752 1191 841 ἡμυθολογία

185 867 202 915 2
221 855 374 923 δύναται·
402 852 565 943 οὐδὲγάρ
580 856 648 923 ἐστι
663 853 835 924 πολιτικὸν
851 854 889 924 τδ
912 854 1082 944 ἀνάθημα·
1101 853 1189 922 ἄλλά

219 957 314 1038 ξένος
337 980 386 1034 τις
414 954 518 1024 πάλαι
536 954 616 1024 ποτὲ
635 954 775 1044 άφίαετο
793 959 910 1046 δεῦρο,
928 955 1016 1045 άνὴρ
1036 961 1190 1046 ἔμφρων,

218 1059 276 1126 καὶ
294 1057 404 1137 δεινὸς
423 1057 500 1147 περὶ
519 1065 659 1146 σοφίαν,
677 1058 768 1152 λόγῳ
782 1086 818 1128 τε
835 1059 891 1127 καὶ
912 1064 1000 1150 ἔργῳ
1019 1056 1189 1143 Πυθαγό-

218 1157 310 1249 ρειόν
331 1185 407 1227 τινα
430 1160 487 1228 καὶ
507 1165 753 1247 Παρμενίδειον
778 1159 948 1249 ἐζηλωκώς
972 1166 1063 1247 βίον,
1089 1154 1126 1238 ὃς
1151 1159 1192 1226 τό

192 1299 196 1308 ·
218 1288 254 1330 τε
274 1259 366 1350 ίερδν
384 1262 505 1347 τοῦτο,
523 1261 580 1328 καὶ
593 1260 655 1350 τὴν
673 1260 811 1351 γραφὴν
825 1261 971 1350 άνίθηιιε
988 1263 1035 1352 τῷ
1052 1260 1187 1352 Κρόνῳ.

183 1374 200 1424 3
295 1367 333 1444 Ξ.
361 1361 513 1452 Πότερον
529 1351 606 1452 οὖν,
621 1368 707 1452 ἔφην
722 1363 801 1452 ἐγὼ,
814 1365 871 1432 καὶ
886 1361 994 1433 αὐτὸν
1007 1358 1068 1430 τδν
1078 1359 1190 1450 άυδρα

217 1463 414 1550 γιγνώσκεις
434 1463 608 1551 ἕωρααάς;

294 1575 338 1634 Π.
366 1565 436 1632 Καὶ
452 1562 632 1651 ἐθαύμασά
645 1592 696 1652 γε,
712 1572 788 1655 ἔφη,
802 1563 909 1635 αὐτὸν
923 1564 1035 1634 πολδν
1048 1565 1189 1655 χρόνον,

216 1665 379 1754 νεώτερος
403 1662 461 1733 ὤν.
505 1667 613 1734 πολλοὶ
641 1665 707 1755 γάρ
731 1669 789 1736 καὶ
814 1671 985 1736 σπουδαία
1010 1669 1189 1752 διελέγετο·

216 1768 274 1836 καὶ
293 1767 369 1856 περὶ
387 1765 513 1855 ταύτης
531 1767 573 1836 δέ
586 1770 646 1855 τῆς
664 1776 877 1857 μυθολογίας
896 1767 1057 1847 πολλάκις
1077 1767 1189 1836 αὐτοῦ
1260 1803 1263 1811 =

216 1867 373 1956 ἠκηκόειν
392 1868 581 1948 διεξιόντος.

290 1964 361 2036 ΠΙ.
389 1974 425 2048 Ξ.
454 1969 549 2059 Πρὸς
567 1969 651 2050 Διὸς
667 1979 802 2060 τοίνυν,
822 1978 908 2059 ἔφην
928 1967 1006 2056 ἐγώ,
1025 1976 1057 2039 εί
1072 1970 1117 2057 μή
1131 1977 1187 2048 τίς

215 2088 267 2138 σοι
291 2069 417 2157 μεγάλη
443 2069 584 2157 ἀσχολία
609 2072 769 2159 τυγχάνει
793 2061 894 2162 οὖσα,
918 2071 1072 2159 διήγησαι
1088 2069 1185 2155 ἡμῖν·

215 2171 308 2241 πάνυ
339 2170 405 2261 γάρ
432 2174 665 2260 ἐπιθυμοῦμεν
689 2173 846 2262 ιἰιιουσαι,
876 2180 913 2241 τί
940 2169 1017 2240 ποτ’
1045 2169 1137 2237 ἐστὶν
1164 2166 1184 2234 ὁ

214 2275 339 2360 μάθος.

291 2385 334 2443 Π.
368 2371 492 2454 Οὐδεὶς
516 2374 660 2463 φθόνος,
688 2365 714 2442 ὦ
738 2374 838 2461 ξένοι,
865 2379 937 2460 ἔφη.
975 2365 1060 2436 άλλδι
1086 2368 1184 2436 τουτὶ

215 2477 350 2564 πρῶτον
374 2481 428 2544 δεῖ
449 2474 540 2563 ὑμᾶς
558 2474 713 2564 άκοῦσαι,
727 2473 778 2544 ὅτι
797 2469 1016 2544 ἐπικίνδυνόν
1033 2495 1065 2537 τι
1084 2466 1183 2558 ἔχειὴ
1281 2525 1282 2528 ,

217 2577 378 2665 ἐξήγησις.

284 2774 323 2824 11.
340 2765 483 2840 ἐγχωρίων
500 2774 553 2825 M.:
572 2766 731 2842 ἐπιχωρίων
749 2776 837 2825 ceteri
855 2787 959 2826 omnes.
971 2798 1004 2807 -
1023 2766 1121 2822 οἴδασι
1144 2770 1181 2819 Μ.
1267 2777 1268 2782 ’

214 2841 315 2893 Pabd.:
337 2837 415 2892 ἴσασι
433 2841 483 2892 Ρο.
496 2843 530 2892 V.
550 2843 586 2897 of.
606 2846 648 2908 35,
667 2847 692 2894 3.
712 2868 745 2880 -
768 2833 893 2894 δυ’ναται
916 2841 981 2894 Pa.:
1000 2831 1121 2918 δυ’νμιιτο
1140 2851 1184 2888 ce·
1265 2887 1268 2904 ‚

214 2909 268 2960 teri
291 2923 399 2972 omnes;
426 2923 562 2975 nusquam
585 2910 654 2960 alibi
676 2910 760 2962 talem
779 2910 933 2976 optativum
955 2909 1016 2960 sine
1040 2922 1078 2956 αν
1094 2904 1183 2969 parti-

215 2975 278 3028 cula
300 2977 397 3028 inveni
413 2977 443 3027 in
465 2979 522 3042 pin.
548 2977 584 3028 cf.
605 2979 628 3041 1,
649 2980 672 3028 1.
694 2981 720 3042 3,
738 2981 762 3031 3.
784 2982 809 3044 4,
828 2983 852 3032 3.
876 2979 961 3041 30,1.
986 2977 1027 3038 14,
1045 2975 1071 3024 4.
1095 2972 1138 3032 26,
1159 2972 1182 3019 1.

213 3046 299 3105 31,1.
322 3046 362 3102 31.
383 3046 407 3097 3.
430 3047 473 3108 33,
491 3048 515 3099 4.
539 3047 582 3110 36,
608 3047 632 3096 3.
650 3048 693 3111 37,
712 3049 735 3101 λ,
762 3048 786 3100 2.
805 3045 844 3118 τῷ
863 3040 963 3116 Κράνφ
981 3045 1018 3120 Ρ,
1031 3042 1063 3093 V.
1083 3039 1117 3089 0.
1135 3037 1181 3087 Aa

213 3103 285 3182 ἡλίῳ
303 3113 339 3162 M.
353 3112 400 3162 Ρο.
415 3112 445 3163 in
463 3128 522 3166 ora.
557 3115 583 3168 3.
600 3105 694 3166 πολίιν
707 3106 821 3182 χρόνον,
840 3108 977 3178 νεώτερος
995 3127 1035 3161 ων
1047 3107 1083 3156 Μ·
1095 3105 1182 3158 Pbcd·

213 3181 247 3231 V.
266 3180 314 3232 0.:
332 3180 513 3246 πολυχρονίου
530 3181 589 3243 Ρο.,
613 3182 684 3248 quod
703 3183 858 3249 Schweigh.
881 3185 911 3233 in
934 3180 975 3232 ed.
994 3178 1060 3229 min.
1080 3188 1114 3224 ex
1131 3187 1182 3223 πο-

213 3239 439 3328 λυχρονιάτερον
467 3249 641 3301 decurtatum
669 3266 729 3302 esse
757 3257 861 3302 censet.
907 3247 974 3309 sed,
1002 3244 1059 3295 nisi
1087 3240 1181 3304 fallor,
1263 3249 1264 3262 ¹

213 3317 342 3382 sumptori
359 3315 467 3382 pinacis
480 3320 643 3369 obversatus
657 3323 699 3371 est
711 3319 799 3382 loeus,
818 3320 867 3384 qui
879 3322 923 3370 est
934 3317 964 3366 in
973 3313 1046 3365 Plat.
1065 3308 1180 3360 Theaet.

213 3386 323 3504 δολί
340 3385 380 3505 δ’
406 3383 654 3506 ίῖἕίμενδηςίέ
676 3403 725 3467 ‘³⁰‘
745 3377 947 3519 W‘m'm’gffi
963 3371 1182 3503 ..²⁰¹³030530331
1260 3398 1264 3413 '

213 3467 1101 3592 fflfflQssffimmw⁷w1
