2606 4040
518 265 735 320 Pnauuculo.
1094 277 1119 326 v

149 421 229 500 ejus,
255 439 323 487 cum
346 423 411 502 ipse
433 427 596 500 properato
618 421 677 480 fine
699 416 932 498 prohiberetur,
955 421 1118 498 quominus

149 507 260 574 ederet,
285 524 357 566 eura
380 505 519 566 Salmasii
542 522 611 566 cum
633 505 820 585 praefatione
843 505 876 564 in
892 501 1039 564 Tabulam
1062 506 1117 566 Ce-

148 591 228 652 betis
244 589 396 651 arabicam
410 590 505 668 Lugd.
523 591 623 651 Batav.
637 590 728 669 'lypis
742 589 867 650 loannis
881 588 974 650 Maire
991 608 1017 650 a.
1036 587 1118 651 1640

148 674 263 737 editum
290 683 347 736 est.
386 674 576 736 Praelatione
604 675 641 735 de
670 674 793 736 arabica
820 675 950 734 maxime
978 678 1116 738 versione

147 761 293 822 disseruit
316 767 346 820 et
367 778 457 840 quam
479 760 573 821 multa
595 758 691 820 Arabs
719 759 797 820 male
820 758 1007 820 intellexerit
1029 759 1115 822 lucu-

148 845 238 906 lentis
269 844 415 924 exemplis
443 844 669 906 demonstravit.
707 843 794 916 Quod
821 851 922 906 tamen
951 852 1117 908 extremam

146 929 268 991 Pinacis
289 937 406 1009 partem
429 928 565 990 adsutam
587 938 617 990 et
640 948 676 990 ex
698 929 800 1008 aliquo
823 929 923 990 ethico
940 929 1055 991 Graeco
1078 931 1116 991 ab

148 1015 245 1076 Arabe
261 1014 457 1094 paraphraste
473 1021 617 1076 attextam
633 1031 698 1075 esse
717 1021 831 1082 censet,
855 1031 929 1076 vane
953 1025 1117 1098 auguratus

147 1106 202 1159 est.
239 1098 334 1159 lmmo
355 1115 482 1177 graecus
505 1107 614 1168 textus,
638 1101 690 1180 qui
713 1107 759 1160 est
783 1098 853 1159 inde
876 1118 893 1158 a
915 1117 980 1178 cap.
1002 1097 1061 1170 40,
1085 1097 1115 1160 2.

146 1201 241 1262 usque
264 1183 300 1243 ad
322 1185 427 1254 finem,
457 1193 525 1264 post
548 1183 688 1245 Salmasii
711 1184 831 1244 demum
859 1192 988 1246 aetatem
1010 1203 1046 1246 ex
1069 1189 1115 1245 in·
1206 1209 1207 1212 ¹

146 1265 333 1346 tegricribus
361 1269 518 1330 codicibus
545 1287 625 1329 man.
650 1269 764 1337 editus,
794 1269 907 1348 quippe
935 1269 1023 1347 plane
1047 1289 1116 1330 cum

147 1350 271 1413 arabica
292 1353 470 1432 paraphrasi
485 1356 688 1425 consentiens,
713 1353 868 1414 evidenter
891 1354 1021 1415 ostendit
1044 1371 1115 1415 oon·

146 1440 272 1498 trariam
294 1436 486 1500 Elichmanni
508 1441 687 1500 sententiam
710 1455 811 1499 veram
833 1456 909 1506 esse,
933 1441 986 1518 qui
1008 1439 1116 1518 phara·

34 1553 37 1558 ·
145 1521 292 1601 phraseos
318 1530 473 1584 auctorem
501 1525 699 1602 integriorem
726 1522 862 1584 codicem
886 1523 1033 1585 Graecum
1063 1543 1115 1584 na-

146 1613 228 1667 ctum
257 1625 322 1668 esse
351 1607 522 1678 contendit,
553 1627 641 1687 quam
667 1627 703 1668 ex
733 1606 845 1686 quibus
866 1607 980 1669 Tabula
1008 1625 1116 1686 graece

146 1691 293 1752 hactenus
308 1699 353 1752 est
375 1700 548 1772 propagata.
586 1693 729 1755 Ceterum
751 1710 785 1754 ea
800 1691 922 1753 Pinacis
936 1711 1015 1773 pars,
1040 1714 1116 1774 quae

145 1793 254 1853 graece
277 1794 338 1836 non
361 1783 451 1847 extat,
475 1778 512 1838 de
534 1777 656 1838 arabica
680 1776 858 1857 paraphrasi
881 1777 973 1839 latine
996 1779 1116 1840 reddita

144 1858 205 1937 jam
229 1859 431 1930 editionibus,
460 1879 537 1941 quae
560 1863 709 1924 Snecanis
736 1863 816 1922 notis
845 1863 1012 1924 instructae
1035 1873 1115 1935 sunt,

144 1977 189 1986 -
209 1947 307 2022 prima
331 1965 358 2005 a.
377 1942 460 2006 1634
482 1949 513 2008 in
535 1947 635 2008 lucem
657 1946 772 2027 prodiit
786 1980 830 1989 —
851 1945 972 2009 adnecti
989 1948 1114 2009 solebat.

231 2029 274 2089 hd
303 2047 372 2092 eum
401 2030 539 2092 codicum
569 2049 609 2092 m.
638 2031 788 2093 defectum
823 2032 970 2092 accedunt
1004 2034 1116 2096 multae

146 2113 273 2174 lacunae
288 2115 343 2175 'vel
365 2118 500 2177 minores
522 2116 569 2177 vel
592 2115 732 2194 majores.
756 2115 897 2194 Singulas
919 2117 1041 2197 quidem
1064 2137 1114 2178 vo·

146 2217 197 2258 ces
219 2216 246 2258 v.
270 2216 297 2259 o.
321 2201 353 2259 in
375 2199 414 2260 M.
438 2201 503 2260 lere
530 2201 729 2280 quadraginta
752 2203 880 2262 omissae
909 2211 994 2272 sunt,
1025 2203 1116 2264 binae

145 2285 281 2362 quinque
310 2283 402 2353 locis,
432 2283 561 2364 majores
589 2286 715 2347 lacunae
742 2287 876 2365 quinque
909 2288 1115 2357 inveniuntur,

147 2383 222 2445 quas
243 2375 278 2427 ut
306 2370 392 2446 origo
416 2377 446 2429 et
474 2377 580 2432 natura
603 2390 639 2432 eo
666 2369 787 2431 facilius
816 2380 958 2450 appareat
985 2370 1046 2449 jam
1075 2376 1116 2432 ita

145 2450 268 2521 notabo,
292 2459 325 2512 ut
346 2471 435 2514 voces
458 2457 586 2516 omissae
610 2455 814 2517 includantur.

231 2536 300 2616 Cap.
321 2531 357 2607 4,
378 2535 419 2598 3.-
439 2536 588 2616 βαδίζειν
613 2537 660 2619 [εἰ
680 2534 848 2614 σώζεσθαι
870 2537 1053 2618 μέλλουσιν
1077 2537 1116 2602 ἐν

143 2617 191 2700 τῷ
206 2618 285 2700 βίῳ·
301 2621 405 2682 ποίαν
420 2607 484 2683 οὖν
499 2615 581 2684 ὁδὸν
596 2617 720 2696 αὐτοὺς
734 2621 787 2684 δεῖ
799 2621 975 2703 [turdelam]⁷
990 2617 1012 2704 ἢ
1027 2626 1114 2696 accim

232 2701 281 2774 10,
293 2702 319 2764 l.
338 2705 409 2783 [καὶ
416 2703 515 2786 μάλα.
530 2703 660 2769 οὐκοῦν
672 2705 729 2769 καλ
739 2715 901 2786 γυναῖκες
912 2703 1046 2788 αἰσχραὶ
1058 2705 1116 2770 καλ

30 2787 34 2792 ’
145 2783 296 2866 ῥυπαραὶ
318 2787 375 2850 καλ
398 2783 483 2872 ῥάκη
510 2785 736 2872 ἠμφιεσμέναι
758 2791 899 2854 δοκοῦσι
927 2793 1114 2874 concinam]

145 2867 202 2930 καλ
249 2867 324 2933 ιλλα.

224 2892 281 3027 Ἑλ
304 2956 335 3018 4.
358 2951 564 3038 depluebant·
590 2951 736 3042 [κελεύει
758 2947 822 3023 οὖν
843 2955 967 3034 αὐτούς
988 2959 1115 3042 χρόνον

143 3033 231 3142 τινὰ,
238 3035 452 3122 ἐνδιατρῖψαι
467 3042 524 3105 καλ
539 3044 658 3124 λαβεῖν
673 3039 693 3107 ὅ
706 3066 739 3106 τι
754 3037 798 3108 do
812 3043 1018 3128 βούλωνται]
1036 3043 1113 3128 παρ’

145 3143 257 3206 αυιης.

228 3206 286 3280 37,
309 3208 339 3272 3.
368 3204 406 3272 τὸ
432 3214 545 3285 κακῶς
570 3213 691 3275 τοίνυν
718 3215 777 3296 ζῆν
807 3212 929 3295 [κακόν
959 3213 1045 3277 ἐστι·
1075 3210 1114 3277 τὸ

145 3288 183 3353 db
206 3292 280 3375 ζῆν]
304 3289 346 3356 od
369 3293 476 3358 κακόν
500 3293 582 3359 ἐστι.

229 3377 271 3440 lle
294 3381 411 3452 lacuna,
435 3400 512 3460 quae
535 3390 581 3445 est
603 3402 629 3444 c.
652 3380 704 3455 35,
728 3381 758 3444 3.
782 3386 842 3446 vid.
866 3385 956 3446 inira.
992 3385 1116 3447 Similes

143 3462 270 3524 lacunae
293 3466 385 3526 etiam
408 3467 441 3526 in
462 3465 495 3528 P.
521 3467 678 3530 codicibus
701 3487 781 3529 man.
805 3472 1013 3532 inveniuntur.

229 3545 290 3610 Nec
306 3549 415 3610 desunt
430 3553 502 3613 vitia
519 3557 681 3619 contraria,
705 3553 819 3632 glossas
836 3554 903 3616 dico
919 3556 1113 3624 multifarias,
