2606 4040
612 259 807 322 ,4,

223 398 319 488 ἡμῶν
333 399 565 489 προςεξόντων
579 400 620 470 ού
636 402 826 492 παρέργως,
845 403 982 494 ἐπείπερ
995 405 1053 472 καὶ
1066 403 1105 471 τὸ
1123 407 1195 472 ἐπι-

226 509 340 588 τίμιον
357 504 511 571 τοιοῦτον
531 504 632 572 ἐστίν.

195 615 212 663 2
307 613 349 673 Π.
375 602 573 694 Ἀναλαβών
597 596 660 674 οὖν
691 605 820 694 ῥάβδον
850 606 938 694 τινά,
962 607 1018 676 καὶ
1045 609 1198 688 ἐκτείνας

224 704 309 794 πρὸς
317 703 379 793 τὴν
385 706 532 796 γραφήν·
555 706 684 798 Ὁρᾶτε,
693 713 769 795 ἔφη,
783 707 844 776 τὸν
858 715 1040 799 περίβολον
1052 712 1198 792 τούτον;

303 812 341 886 Ξ.
365 807 525 897 Ὁρῶμεν.
637 879 639 882 .

302 917 346 978 Π.
381 913 490 980 Τοῦτο
507 911 643 1000 πρῶτον
661 916 713 991 δεῖ
727 911 855 981 είδέναι
871 909 1036 998 ύμάς,ὅτι
1047 919 1203 980 καλεῖται

228 1007 368 1088 ὁτόπος
393 1002 493 1092 οὗτος
517 1019 608 1093 Βίος.
644 1013 702 1081 καὶ
727 1011 744 1080 ὁ
771 1011 870 1100 ὄχλος
888 1011 906 1081 ὁ
927 1012 1048 1100 πολύς,
1067 1011 1086 1082 ὁ
1105 1014 1202 1100 παρὰ

226 1112 290 1198 την
308 1111 421 1201 πύλην
440 1113 603 1205 ἐφιστάς,
627 1120 663 1185 οἱ
677 1115 855 1203 μέλλοντες
874 1113 1132 1205 είςπορεύεσδαι
1149 1121 1203 1195 εἰς

173 1216 208 1286 [3
226 1210 287 1283 τδν
305 1221 384 1302 βίον
402 1206 502 1285 οὗτοί
524 1223 619 1287 εἰσιν.
661 1215 679 1286 ὁ
698 1216 736 1285 δὲ
754 1219 877 1306 φέρων,
904 1214 922 1284 ὁ
941 1215 1012 1285 άνω
1040 1216 1204 1304 έστηκὼς,

228 1321 314 1402 έχων
338 1317 466 1407 χάρτην
489 1319 564 1387 τινά
590 1321 627 1388 ἐν
647 1321 688 1409 τῇ
708 1321 806 1409 χειρὶ,
831 1319 888 1386 καὶ
906 1323 947 1406 τῇ
969 1319 1066 1409 ἑτέρα
1085 1315 1203 1408 ὥσπερ

227 1418 393 1488 δεικνύων
411 1446 454 1509 τι,
473 1409 574 1501 οὗτος
587 1429 733 1510 Δαίμαν
751 1427 909 1489 καλεῖται·
941 1420 1138 1510 προςτάττει
1161 1420 1205 1488 δὲ

226 1535 298 1601 τοῖς
321 1523 625 1610 είςπορενομένοις,
648 1531 685 1592 τί
707 1527 762 1591 δεῖ
782 1521 911 1602 αύτούς
937 1537 1059 1610 ποιεῖν,
1085 1518 1131 1601 άς
1156 1517 1204 1589 ἂν

227 1623 426 1700 είςέλδωσιν
450 1631 500 1703 είς
522 1623 583 1693 τὸν
608 1632 695 1714 βίον·
724 1624 782 1694 καὶ
807 1623 967 1712 δεικνύει,
992 1631 1096 1692 ποίαν
1115 1621 1204 1691 ὁδὸν

228 1721 356 1805 αύτούς
367 1729 421 1793 δεί
427 1732 593 1815 βαδίζειν,
612 1726 1006 1814 είσάζεσδαιμέλλονσιν
1017 1723 1111 1815 ἐντῷ
1121 1731 1202 1816 βίῳ.

303 1822 351 1897 V.
378 1831 416 1906 Ξ.
436 1837 549 1899 Ποίαν
567 1819 632 1899 οὖν
650 1827 731 1903 ὁδὸν
749 1826 878 1900 κελεύει
894 1831 1054 1916 βαδίζειν,
1072 1821 1203 1914 ἣπῶς,

230 1934 316 2016 έφην
336 1927 413 2016 ἐμά.
703 1929 704 1932 “

306 2039 349 2100 Π.
366 2029 467 2121 Ὁρᾷς
485 2021 551 2100 οὖν
570 2027 661 2122 παρά
674 2033 737 2120 τὴν
751 2032 865 2119 πύλην
883 2030 1013 2119 θρόνον
1030 2026 1105 2097 τινά
1125 2037 1202 2098 κεί-

229 2157 332 2218 μενον
351 2133 435 2200 κατά
456 2133 517 2202 τδν
534 2132 641 2203 τόπον
658 2137 795 2221 τοῦτον,
812 2130 887 2202 καθ’
904 2128 944 2201 ὃν
970 2129 1206 2220 είςπορεύεται

229 2229 374 2320 δὸχλος,
394 2232 443 2323 ἐφ’
464 2225 506 2305 ού
525 2237 670 2324 κάθηται
693 2235 782 2325 γυνη
801 2233 1017 2323 πεπλασμένη
1041 2235 1088 2324 τῷ
1112 2230 1205 2320 ἤθει,

229 2336 286 2402 καὶ
305 2337 432 2423 πιθανὴ
452 2339 652 2428 φαινομένη,
670 2341 728 2407 καὶ
748 2343 785 2408 ἐν
797 2340 839 2426 τῇ
855 2336 941 2424 χειρὶ
956 2341 1080 2421 έχουσα
1095 2335 1206 2421 ποτη-

198 2435 311 2523 2ριύν
328 2463 377 2520 τι,

308 2543 345 2618 Ξ.
369 2537 465 2626 Ὁρῶ.
503 2539 589 2610 άλλδι
607 2549 659 2622 τίς
679 2544 768 2611 ἐστιν
787 2537 892 2627 κείνης
912 2537 1012 2626 [έφην
1032 2533 1121 2622 ἐμά]

307 2651 350 2712 Π.
375 2639 500 2731 Ἀπάτη
519 2651 681 2732 καλεῖται,
707 2645 824 2733 φησὶν,
851 2640 871 2729 ἡ
890 2640 1019 2718 πάντας
1036 2637 1117 2718 τούς
1136 2635 1205 2704 άν-

229 2741 393 2831 δράπονς
411 2748 584 2814 πλανῶσα.

230 2872 254 2922 ²·
274 2861 288 2924 ὃ
308 2861 399 2929 τόπθέ
413 2857 498 2930 οὗτος
516 2875 560 2924 P·=
584 2861 700 2935 οὖτοςδ
726 2867 813 2934 τόπος
836 2877 872 2926 Μ.
895 2885 1044 2938 pronomen
1068 2853 1155 2926 οὗτος
1174 2869 1206 2918 in

230 2941 287 3004 pin.
306 2938 511 2991 substantivum
530 2942 662 3006 subsequi
680 2941 761 3004 solet,
780 2943 830 2994 ubi
849 2941 935 3006 digito
950 2937 1055 3004 aliquid
1067 2939 1207 2986 monstra-

231 3012 283 3062 tur,
303 3007 339 3056 cf.
357 3009 382 3068 2,
401 3008 427 3060 2.
447 3011 471 3067 3,
489 3011 515 3062 2.
534 3011 558 3071 4,
578 3013 603 3060 2.
622 3012 647 3074 ὅ,
667 3013 690 3062 1.
709 3013 772 3073 9,1.
792 3013 834 3074 11,
846 3013 872 3063 2.
891 3011 933 3071 17,
945 3011 970 3058 2.
1008 3009 1105 3058 contra
1122 3000 1203 3070 353.

230 3066 476 3156 -παραέΡύνιέ
493 3076 563 3141 περί
578 3078 616 3130 Μ’
797 3131 808 3158 5
876 3138 888 3150 u
1027 3109 1057 3152 ιΙ
1127 3129 1134 3150 τ
1165 3137 1177 3150 υ

299 3143 333 3195 V.
352 3157 422 3210 ορᾳς
442 3158 495 3196 ουν
512 3138 591 3212 παρά
609 3146 659 3197 M.:
683 3138 698 3196 ὁ
719 3143 755 3205 οἷς
774 3161 834 3209 ουν,
860 3149 930 3207 εἰπε,
954 3157 1034 3210 παρα
1051 3141 1101 3192 Pa.
1122 3155 1204 3205 ορᾳς,

233 3205 305 3271 εἷπε,
324 3202 405 3278 παρά
422 3211 510 3266 Pbed.
522 3215 556 3265 V.
575 3215 607 3266 Ο.
627 3240 662 3254 κ-
685 3199 737 3265 vob
754 3208 844 3264 τόπον
861 3209 965 3263 τοῦτον
981 3210 1067 3261 Pbcd.
1087 3211 1133 3260 V.:
1152 3199 1205 3259 τὸν

232 3270 322 3330 τόπον
340 3281 376 3330 Μ.
395 3281 445 3329 Ρε.
465 3305 498 3315 -
517 3272 588 3347 ἤδει
606 3284 644 3336 Μ,
661 3283 745 3338 Pae.:
767 3268 843 3346 ἦδος
861 3280 911 3331 Pb.
939 3277 1017 3328 εἴδει
1034 3279 1068 3328 V.
1087 3274 1204 3327 Wolfius

232 3347 262 3395 in
280 3347 353 3397 notis
373 3349 576 3401 commendavit
600 3350 675 3404 εἴδει
694 3353 730 3404 of.
748 3349 840 3400 locum
858 3364 875 3397 a
894 3345 1012 3396 Gronov.
1033 3346 1150 3396 citatum
1170 3359 1205 3394 ex

231 3413 405 3465 Aristaeneti
422 3430 484 3481 epp.
497 3415 546 3468 lib.
566 3420 588 3469 Ι.
602 3423 626 3472 2.
646 3415 679 3471 αί
694 3417 831 3486 μείρακες
850 3440 882 3450 -
896 3441 928 3449 —
940 3399 1016 3478 ἦδος
1030 3404 1063 3466 ού
1076 3413 1204 3464 πεπλασ-

233 3477 322 3547 μένον
341 3474 546 3548 έμφαίνονσαι.
558 3487 614 3540 vid.
626 3489 785 3538 thesaurum
797 3498 890 3550 graec.
903 3481 1017 3548 linguae
1035 3483 1084 3545 IV,
1102 3497 1129 3546 p.
1144 3481 1203 3531 117.

233 3582 267 3593 -
285 3545 391 3616 έχοντα
408 3551 495 3603 Pbed.
515 3553 560 3605 V.:
580 3551 638 3622 ἔχει
650 3559 688 3608 M.
702 3556 752 3608 Pa.
764 3553 821 3605 vid.
835 3550 924 3617 praef.
960 3553 984 3602 3.
1003 3549 1089 3601 τοῦτο
1106 3549 1138 3598 Ρ.
1156 3550 1203 3599 V.:
