2606 4040
507 234 727 288 PRAEFATIO.
1040 251 1108 300 xm

131 387 303 452 <totototo
326 379 485 450 εἶναικαὶ
508 381 665 450 εὔτακτοι
686 386 742 451 καὶ
763 383 888 468 στολὴν
910 382 1107 470 ότρύῳερον

132 471 194 538 καὶ
222 468 336 554 διπλῆν
364 471 515 552 ἔχουσιν·
547 472 596 535 ἔτι
624 469 663 534 δὲ
691 467 737 547 ὥς
764 468 933 535 ἄπλαστοί
959 469 1024 535 εἰσι
1050 495 1106 546 -,·

130 559 272 621 Primum
287 566 354 639 post
375 557 551 637 γνναικιόν
573 569 719 621 commate
738 559 1014 639 interpungendum
1030 569 1104 629 erat,

128 663 207 705 cum
229 645 424 705 enunciatum
445 644 596 723 particula
619 635 663 716 ός
685 660 855 706 connexum
878 643 1002 705 averho
1026 636 1107 726 ὁρᾷς

132 729 303 808 dependeat
326 730 377 797 ita,
401 735 435 788 ut
450 727 621 808 subjeetum
637 729 701 808 ejus
723 727 902 790 adverbum
924 721 1007 810 δρᾷς
1029 736 1105 790 tam·

130 833 226 894 quam
248 811 403 892 objectum
425 820 588 876 attractum
611 816 659 884 sit,
676 814 756 893 quod
772 811 868 875 Cebes
890 815 991 875 facere
1015 823 1104 884 amat,

128 901 174 960 cf.
199 895 300 968 16,1.
323 893 380 967 25,
396 893 426 958 3.
452 895 508 971 16,
523 894 553 959 5.
578 894 635 970 24,
651 895 682 959 2.
705 895 763 968 28,
778 893 809 957 2.
848 897 935 960 Sicut
956 899 1105 978 particula

130 976 197 1060 ὥς,
225 986 268 1044 ita
291 985 382 1044 etiam
408 983 558 1061 particula
581 976 632 1045 ὅτι
659 983 730 1045 talia
753 985 908 1046 enuntiata
931 990 1103 1044 nectuntur.

128 1067 246 1129 Eadem
274 1067 310 1128 de
338 1084 429 1128 causa
457 1071 549 1130 etiam
582 1069 674 1130 lectio
702 1068 853 1132 librorum
881 1069 919 1130 M.
944 1077 973 1130 et
1002 1067 1035 1129 P.
1059 1061 1106 1141 ὡς

130 1146 359 1230 περιάγοντας
379 1149 410 1222 6,
426 1149 457 1214 3.
481 1170 551 1214 cum
572 1153 681 1214 Wolfio
704 1152 890 1214 emendanda
912 1160 957 1214 est
979 1145 1026 1224 ὥς
1046 1169 1104 1213 τιε-

131 1231 320 1316 ριοέγονται.
347 1237 424 1297 Tum
439 1255 494 1316 pro
510 1235 647 1316 ἔχουσιν
661 1237 858 1300 scribendum
880 1244 945 1298 erat
967 1236 1104 1317 ἔχουσαι

128 1328 258 1402 propter
280 1323 430 1382 sermonis
452 1324 704 1394 concinnitatem,
735 1341 772 1383 en
794 1341 852 1402 qua
874 1323 1028 1384 notionem
1052 1323 1102 1383 ad·

128 1405 274 1485 jectivam
296 1413 506 1486 exspectamus
528 1425 583 1486 pro
606 1407 699 1469 verbo
723 1409 818 1468 finito.
849 1405 941 1477 cil,
960 1405 988 1467 1.
1011 1405 1101 1477 5,1.,

128 1489 188 1553 351
209 1490 260 1551 Pa.
285 1497 315 1550 et
336 1490 375 1550 M.
399 1509 454 1569 pro
477 1489 600 1570 ἔχουσα
621 1493 733 1553 habent
757 1489 835 1570 ἔχει,
860 1487 914 1561 15,
937 1487 967 1552 3.
993 1487 1047 1563 18,
1073 1491 1100 1550 i.

127 1571 168 1644 6,
194 1573 222 1634 1.
246 1571 276 1645 9,
298 1570 329 1634 2.
355 1571 404 1646 10,
428 1571 459 1637 2.
497 1575 646 1638 Similiter
671 1573 720 1646 18,
743 1573 774 1638 2.
797 1576 836 1636 Μ.
860 1576 910 1638 Pa.
934 1576 966 1636 V.
990 1575 1102 1640 habent

130 1656 276 1720 δοκοῦσι
298 1677 354 1738 pro
377 1656 549 1721 δοκοῦσαι.

216 1740 267 1814 35,
284 1739 314 1804 3.
339 1763 443 1806 omnes
466 1746 586 1806 codices
607 1765 688 1806 man.
705 1745 802 1806 adhuc
822 1746 941 1806 excussi
963 1744 1102 1806 lacunam

127 1826 255 1890 hahent.
291 1827 330 1890 Μ.
353 1829 446 1890 Pbcd.
470 1829 597 1890 hahent:
633 1823 684 1890 ὅτι
713 1826 752 1891 ἑν
779 1824 825 1910 τῷ
851 1825 974 1911 πρώτῳ
1002 1846 1102 1910 περι-

127 1907 240 1993 βόλῳ,
265 1909 296 1973 ει’
315 1909 422 1992 μηδὲν
444 1905 542 1992 ἄλλο,
571 1905 591 1976 δ
613 1911 882 1994 προσποιοῦνταί
900 1931 940 1992 γε
964 1909 1102 1974 ἐπίστα-

17 1995 18 2028 ³
128 1998 226 2076 σθαι,
249 1991 313 2056 οὐκ
337 1994 478 2061 οἴδασιν.
510 2000 560 2060 V.:
584 1993 637 2061 ότι
653 1993 688 2057 οἱ
707 1993 746 2060 ἐν
762 1997 809 2080 τῳ
833 1994 981 2080 δευτέρῳ
1003 2015 1102 2078 περι-

128 2077 231 2162 βόλῳ,
256 2078 287 2142 εἰ
306 2077 413 2160 μηδὲν
428 2075 521 2158 ἄλλο,
538 2080 810 2164 προσποιοῦνταί
827 2101 867 2160 γε
889 2077 1099 2153 ἐπίστασθαι,

128 2155 153 2226 δι’
176 2159 240 2226 οὐκ
263 2161 408 2227 οἴδασιν.
445 2168 577 2246 Apparet
599 2169 703 2229 oculos
731 2166 853 2228 librarii
874 2169 921 2229 vel
943 2167 981 2230 35
1004 2169 1099 2229 altero

127 2246 303 2333 περιβόλῳ
326 2249 514 2311 adulterum
530 2247 698 2334 περιβόλῳ
722 2249 825 2328 (Phcd.
841 2251 902 2332 Md,
926 2253 973 2313 vel
995 2253 1033 2314 ab
1057 2253 1098 2314 al·

126 2342 195 2396 tero
218 2329 257 2396 ἐν
271 2340 320 2417 τῳ
343 2334 381 2396 ad
403 2336 532 2397 alterum
556 2329 654 2418 ἐντῷ
679 2333 733 2417 (V.)
758 2335 925 2399 aberrasse.
954 2337 1098 2407 Odaxius,

127 2421 191 2480 sive
214 2419 308 2480 codex
330 2437 420 2490 man,
444 2439 503 2500 quo
525 2438 599 2481 usus
622 2428 683 2491 est,
708 2423 827 2500 integer
849 2423 917 2493 suit,
941 2425 1003 2482 sive
1026 2441 1098 2483 con·

124 2503 244 2582 jectura
268 2506 378 2566 omissa
394 2504 554 2584 supplevit,
566 2507 670 2566 vertit:
695 2505 843 2577 Quoniam
866 2509 898 2568 in
920 2509 1019 2588 primo
1036 2526 1105 2568 am·-

18 2607 19 2610 ’
126 2588 195 2649 bitu
217 2588 275 2649 hoo
292 2588 366 2668 plus
388 2589 518 2668 habent,
541 2591 621 2671 quod
645 2608 719 2669 quae
742 2593 899 2660 nesciunt,
922 2595 1043 2652 nescire
1066 2611 1098 2652 se

17 3521 20 3660 1

17 3699 21 3792 t

127 2691 190 2733 non
213 2673 419 2735 dissimulant:
443 2677 476 2734 in
499 2674 631 2736 secundo
654 2692 725 2735 vero
749 2674 826 2735 illud
841 2683 922 2736 certe
946 2677 1096 2746 nesciunt,

17 2791 19 2844 3
126 2756 209 2837 quod
230 2758 310 2818 scire
333 2771 365 2818 se
393 2761 583 2838 profitentur.
622 2759 786 2821 Contentus
807 2777 880 2821 vero
908 2760 1000 2822 alium
1029 2779 1096 2822 sen·

17 2855 23 2936 t
126 2855 195 2902 sum
223 2841 376 2920 postulare
404 2844 481 2904 mihi
502 2844 637 2913 videtur,
667 2861 756 2923 quam
778 2862 868 2923 quem
891 2845 1024 2906 Odaxius
1047 2864 1096 2906 ex-

125 2927 247 3006 primit,
278 2945 348 2988 eum
376 2928 513 3008 quidem,
543 2946 634 3007 quem
663 2936 762 2990 textus
789 2929 931 3008 Vulgatae
959 2929 1096 3010 praehet.

124 3010 197 3072 Ideo
221 3013 265 3072 sic
288 3011 426 3074 scribere
447 3011 576 3092 placuit:
590 3005 663 3074 Ὅτι
678 3009 714 3074 οἱ
724 3010 868 3094 μὲν“[ἐν
889 3015 935 3096 τῷ
960 3010 1097 3097 [πρότῳ

125 3092 296 3179 περιβόλῳ
323 3089 371 3159 οὐ
400 3097 740 3177 προσποιοῦνται
774 3077 1046 3178 ἕπίστασθαι,
1076 3091 1098 3160 δι’

126 3174 204 3242 οὐκ
232 3177 414 3253 οἴδασιν,
444 3178 485 3241 oi
509 3175 565 3262 δ’]
596 3178 634 3244 ἐν
663 3183 709 3264 τῷ
738 3179 885 3266 δευτέρῳ
911 3179 1095 3264 περιβόλῳ]

126 3259 159 3325 εἰ
178 3259 390 3344 predicatio,
414 3265 685 3346 προσποιοῦνταί
696 3287 735 3346 γε
752 3261 965 3347 ἐπίστασθαι,
989 3258 1012 3328 δί
1033 3261 1097 3329 οὐκ

126 3345 270 3410 οἴδασιν.
294 3358 362 3412 octo
384 3351 530 3412 vocabula
551 3353 630 3431 typis
652 3354 781 3430 insignia
805 3353 970 3415 secundum
988 3354 1097 3416 Odaxii

125 3437 296 3504 versionem
320 3436 458 3516 suppleta
480 3443 559 3497 sunt.
597 3436 737 3500 Extrema
760 3437 862 3508 verba,
886 3457 960 3518 quae
977 3439 1009 3499 V.
1026 3458 1095 3519 pran

125 3516 192 3589 bet,
215 3521 348 3598 genuina
370 3539 436 3582 esse
459 3528 583 3600 apparet
606 3523 717 3592 exiis,
741 3541 817 3603 quae
840 3526 941 3584 statim
963 3543 1094 3604 sequun-
