2606 4040
499 248 711 312 .-15-

195 395 230 470 Ξ.
249 388 354 460 Ὅταν
368 383 433 460 οὖν
450 393 706 480 παραγένωνται
720 393 776 462 ἐπὶ
789 393 851 482 τὴν
861 393 1001 483 πέτραν,
1015 399 1086 475 πῶς
1103 408 1121 456 4

115 493 382 581 ἆναβαίνουσιν;
402 491 472 582 ὁρῶ
485 493 553 582 γὰρ
567 491 651 564 ὁδὸν
669 495 844 584 φέρουσαν
852 493 1016 584 οὐδεμίαν
1035 494 1084 567 ἐπ’

115 593 235 682 αὐτήν.

194 706 237 766 Π.
257 685 369 765 Αὗται
392 693 460 764 ἀπὸ
485 699 547 765 τοῦ
566 699 719 785 κρημνοῦ
743 706 1085 789 προςκαταβαίνονσι,

113 798 173 865 καὶ
193 800 349 867 ἕλκουσιν
364 795 490 877 αὐτοός
508 794 580 866 ἅνω
593 799 678 888 πρὸς
692 796 808 879 αὐτός.
836 798 908 869 εἶτα
921 801 1085 870 κελεόου-

115 918 170 968 σιν
181 897 309 980 αὐτοὺς
318 898 624 969 διαναπαόσασθαι.
633 902 692 970 καὶ
704 901 786 990 μεταλ
797 901 918 991 μικρὸν
932 901 1084 972 διδόασιν
1102 914 1119 962 5

115 999 219 1086 ίσχόν
237 1001 295 1069 καὶ
312 999 456 1090 θάρσος,
473 1002 532 1069 καὶ
551 1003 815 1089 ἐπαγγέλλονται
832 1002 960 1085 αὐτούς
978 1031 1083 1073 κατα-

112 1102 248 1189 στήσειν
273 1103 356 1190 πρὸς
380 1102 441 1191 τὴν
462 1100 629 1191 ἀληθινὴν
652 1109 833 1174 Παιδείαν·
864 1107 922 1174 καί
946 1107 1083 1175 δεικνό-

112 1223 213 1273 ουσιν
220 1201 337 1283 αὐτοῖς
346 1203 408 1291 τὴν
421 1201 517 1291 ὁδὸν,
527 1202 573 1284 ὣς
581 1211 649 1275 ἔστι
657 1204 744 1295 καλή
755 1232 803 1293 τε,
816 1207 874 1275 καὶ
888 1205 1011 1294 ὁμαλὴ,
1025 1210 1083 1277 καὶ

112 1303 302 1394 εόπόρητος
320 1307 378 1374 καὶ
402 1305 537 1395 καθαρὰ
562 1307 689 1387 παντὸς
715 1309 835 1397 κακοῦ,
858 1305 969 1398 ὥσπερ
988 1307 1080 1398 ὁρᾷς.

190 1412 227 1484 Ξ.
253 1405 479 1495 Ἐμφαίνεται,
496 1408 540 1495 νὴ
559 1416 639 1477 Δία.

189 1503 314 1578 XVII.
339 1506 440 1600 Ὀρᾷς
458 1500 536 1597 οὖν,
555 1515 633 1599 ἔφη,
658 1515 849 1600 ἔμπροσθεν
872 1512 933 1579 τοῦ
956 1509 1083 1592 όλσους

113 1613 248 1679 ἐκείνου
267 1610 324 1678 καὶ
341 1610 448 1680 τόπον
464 1610 552 1700 τινό,
575 1608 613 1691 ός
630 1616 725 1680 δοκεῖ
737 1612 839 1692 καλός
857 1638 892 1681 τε
913 1611 1011 1701 εἶναι,
1024 1616 1082 1683 καὶ

111 1711 361 1800 λειμωνοειδὴς,
379 1714 436 1781 καλ
455 1715 544 1800 φωτὶ
562 1716 677 1805 πολλῷ
696 1713 1012 1802 καταλαμπόμενος;

190 1817 226 1891 Ξ.
256 1814 326 1882 Καὶ
343 1814 442 1901 μα’λα.

190 1923 232 1984 Π.
278 1923 466 1995 Κατανοεῑς
485 1905 549 1984 οὖν
568 1916 710 2008 ἐνμέσῳ
728 1917 775 2009 τῷ
791 1920 927 2006 λειμῶνι
941 1924 1080 2006 περίβο-
1098 1957 1114 2006 2

109 2023 173 2083 λον
192 2017 320 2104 ἕτερον,
339 2018 396 2085 καλ
414 2017 527 2106 πόλην
543 2018 677 2106 ἑτέραν;

140 2205 153 2237 e
189 2121 226 2197 Ξ.
244 2115 358 2188 Ἔστιν
386 2115 504 2198 οὕτως.
545 2117 655 2189 Ἀλλὰ
679 2125 731 2198 τίς
762 2127 911 2189 καλεῖται
936 2118 954 2188 ὁ
979 2121 1064 2190 τόπο

110 2244 230 2300 ουτος;

188 2329 231 2388 Π.
252 2318 480 2409 Εὐδαιμόνων
498 2321 703 2410 οἰκητήριον,
728 2326 808 2410 ἔφη·
834 2311 899 2392 ὧδε
916 2324 983 2414 γὰρ
1001 2328 1076 2394 δια·
1095 2355 1112 2403 3

108 2421 288 2508 τρίβουσιν
307 2426 346 2490 αλ
362 2420 493 2512 Ἀρεταλ
512 2425 628 2513 πᾶσαι,
645 2424 703 2492 καὶ
721 2420 742 2511 ἡ
761 2421 983 2511 Εὕόαιμονία.

187 2528 223 2601 Ξ.
253 2519 347 2612 Εἶεν,
363 2529 449 2613 ἔφην
468 2524 547 2612 ἐγὼ,
572 2522 617 2605 ὥς
641 2523 748 2593 καλὸν
766 2526 874 2611 λέγεις
891 2524 954 2596 τὸν
972 2526 1079 2596 τόπον

107 2622 204 2692 εἶναι.

185 2718 330 2795 XVHI.
359 2735 401 2796 Π.
425 2724 566 2800 Οὐκοῦν,
580 2725 671 2815 παρὰ
684 2727 747 2815 την
760 2725 874 2816 πόλην
888 2725 986 2818 ὁρᾷς,
1002 2735 1079 2817 ἔφη,

105 2945 201 3014 οὕτως
218 2957 267 3007 Pa.
303 2960 327 3010 4.
346 2946 389 3008 ἐπ’
409 2946 500 3022 αὐτήν
518 2958 603 3009 Pbcd.
621 2957 668 3010 V.=
687 2949 730 3008 ἐπ’
750 2949 839 3018 αὐτοῖς
857 2962 895 3011 Μ.
914 2961 963 3012 Pa.
985 2960 1078 3026 „quod

105 3026 132 3075 εἰ
150 3023 252 3102 μΙερει,
272 3025 401 3075 continuo
420 3026 486 3076 dein
507 3042 557 3092 pro
576 3011 663 3079 αὗται
682 3025 773 3104 legam
792 3020 900 3079 αόταίι
920 3026 1075 3093 Schweigh.

104 3116 143 3128 -
158 3106 229 3156 προς
248 3083 354 3150 ἕαντοὶς
372 3092 456 3146 Phed.
474 3094 522 3147 V.:
540 3089 612 3159 πρὸς
631 3087 724 3153 αότας
746 3095 785 3147 Μ.
802 3095 853 3147 Pa.
891 3098 915 3148 5.
934 3090 1075 3162 καταστή-

105 3173 169 3212 σειν
187 3161 224 3210 Μ.
243 3161 309 3213 Pa.:
326 3159 505 3226 καταστῆσαι
516 3161 601 3214 Ρλιοᾱ.
620 3164 652 3215 V.
664 3188 698 3198 -
710 3152 898 3230 ἐμφαίνεται]
920 3162 982 3214 cdd.
1000 3178 1072 3213 man.

30 3236 35 3244 '
104 3219 245 3292 ἐμφαίνει
266 3229 320 3280 hoe
345 3229 415 3288 loco,
435 3230 476 3291 18,
495 3231 510 3279 2
530 3233 559 3280 et
576 3232 617 3290 21,
636 3233 660 3281 3.
695 3228 749 3280 Sed
773 3245 834 3280 cum
852 3229 1077 3295 impersonaliter

103 3299 269 3361 usurpatum
288 3289 426 3362 ἐμφαίνει
449 3311 584 3362 nusquam
607 3297 775 3360 inveniatur,
803 3313 858 3348 non
887 3297 998 3350 dubium
1022 3301 1074 3361 est,

104 3364 172 3427 quin
189 3361 236 3414 vel
254 3364 416 3430 compendio
434 3363 480 3416 vel
499 3380 592 3416 errore
609 3381 659 3431 pro
678 3357 852 3428 ἐμφαίνεται
875 3366 1008 3431 seriptum
1027 3366 1073 3416 sit.

173 3429 261 3482 XVII.
280 3423 393 3484 ἐκείνου
411 3429 462 3484 καὶ
479 3429 569 3484 τόπον
587 3436 640 3485 M.=
659 3424 774 3485 ἐκείνου
792 3427 882 3484 τόπον
899 3433 929 3485 Ρ.
949 3433 982 3483 V.
995 3433 1028 3488 O.
1042 3461 1075 3471 —

102 3482 158 3549 οὖν
177 3489 208 3548 ἐν
227 3499 257 3547 Ρ.
276 3497 312 3548 M.
333 3499 380 3552 0.=
403 3487 567 3553 οὖνκαλὲν
585 3502 618 3554 V.
640 3527 674 3538 —-
697 3493 728 3552 ἐν
749 3497 825 3572 μέσῳ
843 3499 881 3570 τῷ
901 3496 1019 3567 λειμῶνι
1037 3502 1074 3554 Μ.

100 3563 168 3616 Pan
189 3556 219 3618 ἐν
238 3560 316 3636 μέσῳ
334 3565 385 3618 τοῦ
404 3566 543 3634 λειμῶνος
560 3569 646 3622 Pbcd.
665 3569 697 3624 V.
717 3567 752 3624 0.
