<?xml version="1.0" encoding="UTF-8"?>
<!DOCTYPE html PUBLIC "-//W3C//DTD XHTML 1.0 Transitional//EN"
    "http://www.w3.org/TR/xhtml1/DTD/xhtml1-transitional.dtd">
<html xmlns="http://www.w3.org/1999/xhtml" xml:lang="en" lang="en">
 <head>
  <title>
</title>
<meta http-equiv="Content-Type" content="text/html;charset=utf-8" />
  <meta name='ocr-system' content='tesseract 3.04.00' />
  <meta name='ocr-capabilities' content='ocr_page ocr_carea ocr_par ocr_line ocrx_word'/>
</head>
<body>
  <div class='ocr_page' id='page_1' title='image "./cebetistabula00kebegoog_0009.png"; bbox 0 0 2606 4040; ppageno 0'>
   <div class='ocr_carea' id='block_1_1' title="bbox 192 207 784 269">
    <p class='ocr_par' dir='ltr' id='par_1_1' title="bbox 192 207 784 269">
     <span class='ocr_line' id='line_1_1' title="bbox 192 207 784 269; baseline 0 -10"><span class='ocrx_word' id='word_1_1' title='bbox 192 221 230 269; x_wconf 87' lang='lat' dir='ltr'>lv</span> <span class='ocrx_word' id='word_1_2' title='bbox 566 207 784 261; x_wconf 75' lang='lat' dir='ltr'>anurarlo.</span> 
     </span>
    </p>
   </div>
   <div class='ocr_carea' id='block_1_2' title="bbox 175 360 1162 3067">
    <p class='ocr_par' dir='ltr' id='par_1_2' title="bbox 179 360 1162 2305">
     <span class='ocr_line' id='line_1_2' title="bbox 279 360 1162 444; baseline 0.005 -22"><span class='ocrx_word' id='word_1_3' title='bbox 279 361 404 422; x_wconf 82' lang='lat' dir='ltr'>Codices</span> <span class='ocrx_word' id='word_1_4' title='bbox 433 363 634 440; x_wconf 89' lang='lat' dir='ltr'>manuscripti</span> <span class='ocrx_word' id='word_1_5' title='bbox 661 360 760 425; x_wconf 90' lang='lat' dir='ltr'>adhue</span> <span class='ocrx_word' id='word_1_6' title='bbox 787 365 906 424; x_wconf 89' lang='lat' dir='ltr'>excussi</span> <span class='ocrx_word' id='word_1_7' title='bbox 935 372 1004 424; x_wconf 91' lang='lat' dir='ltr'>sunt</span> <span class='ocrx_word' id='word_1_8' title='bbox 1032 374 1162 444; x_wconf 89' lang='lat' dir='ltr'>quatuor</span> 
     </span>
     <span class='ocr_line' id='line_1_3' title="bbox 190 444 1160 526; baseline 0.005 -20"><span class='ocrx_word' id='word_1_9' title='bbox 190 445 388 515; x_wconf 90' lang='lat' dir='ltr'>Parisienses,</span> <span class='ocrx_word' id='word_1_10' title='bbox 412 448 492 506; x_wconf 90' lang='lat' dir='ltr'>notis</span> <span class='ocrx_word' id='word_1_11' title='bbox 513 444 615 506; x_wconf 88' lang='lat' dir='ltr'>Pabcd</span> <span class='ocrx_word' id='word_1_12' title='bbox 638 463 655 506; x_wconf 92' lang='lat' dir='ltr'>a</span> <span class='ocrx_word' id='word_1_13' title='bbox 677 446 946 526; x_wconf 79' lang='lat' dir='ltr'>Schweighiusem</span> <span class='ocrx_word' id='word_1_14' title='bbox 968 451 1107 526; x_wconf 89' lang='lat' dir='ltr'>insigniti</span> <span class='ocrx_word' id='word_1_15' title='bbox 1130 458 1160 511; x_wconf 88' lang='lat' dir='ltr'>et</span> 
     </span>
     <span class='ocr_line' id='line_1_4' title="bbox 190 529 1159 610; baseline 0.004 -20"><span class='ocrx_word' id='word_1_16' title='bbox 190 533 227 601; x_wconf 91' lang='lat' dir='ltr'>is,</span> <span class='ocrx_word' id='word_1_17' title='bbox 251 529 338 608; x_wconf 83' lang='lat' dir='ltr'>cujus</span> <span class='ocrx_word' id='word_1_18' title='bbox 353 531 515 593; x_wconf 86' lang='lat' dir='ltr'>lectionem</span> <span class='ocrx_word' id='word_1_19' title='bbox 529 533 695 592; x_wconf 82' lang='lat' dir='ltr'><strong>variantem</strong></span> <span class='ocrx_word' id='word_1_20' title='bbox 718 550 734 592; x_wconf 95' lang='lat' dir='ltr'>a</span> <span class='ocrx_word' id='word_1_21' title='bbox 749 532 912 594; x_wconf 87' lang='lat' dir='ltr'>Meibomio</span> <span class='ocrx_word' id='word_1_22' title='bbox 929 533 1159 610; x_wconf 82' lang='lat' dir='ltr'>diligentissime</span> 
     </span>
     <span class='ocr_line' id='line_1_5' title="bbox 192 614 1159 694; baseline 0.004 -19"><span class='ocrx_word' id='word_1_23' title='bbox 192 614 359 677; x_wconf 81' lang='lat' dir='ltr'>exhibitam</span> <span class='ocrx_word' id='word_1_24' title='bbox 392 633 462 676; x_wconf 92' lang='lat' dir='ltr'>cum</span> <span class='ocrx_word' id='word_1_25' title='bbox 493 616 613 694; x_wconf 90' lang='lat' dir='ltr'>reliquo</span> <span class='ocrx_word' id='word_1_26' title='bbox 651 615 854 679; x_wconf 87' lang='lat' dir='ltr'>Meibomiano</span> <span class='ocrx_word' id='word_1_27' title='bbox 888 617 925 678; x_wconf 89' lang='lat' dir='ltr'>ad</span> <span class='ocrx_word' id='word_1_28' title='bbox 958 616 1159 679; x_wconf 88' lang='lat' dir='ltr'>Euchiridion</span> 
     </span>
     <span class='ocr_line' id='line_1_6' title="bbox 188 698 1157 780; baseline 0.003 -20"><span class='ocrx_word' id='word_1_29' title='bbox 188 699 321 779; x_wconf 81' lang='lat' dir='ltr'>Epicteti</span> <span class='ocrx_word' id='word_1_30' title='bbox 344 707 373 761; x_wconf 90' lang='lat' dir='ltr'>et</span> <span class='ocrx_word' id='word_1_31' title='bbox 395 699 433 762; x_wconf 91' lang='lat' dir='ltr'>ad</span> <span class='ocrx_word' id='word_1_32' title='bbox 448 698 569 763; x_wconf 84' lang='lat' dir='ltr'>Cebetis</span> <span class='ocrx_word' id='word_1_33' title='bbox 585 699 729 763; x_wconf 81' lang='lat' dir='ltr'><strong>Tabulam</strong></span> <span class='ocrx_word' id='word_1_34' title='bbox 754 709 900 780; x_wconf 90' lang='lat' dir='ltr'>apparatu</span> <span class='ocrx_word' id='word_1_35' title='bbox 914 701 1084 764; x_wconf 84' lang='lat' dir='ltr'>Hadrianus</span> <span class='ocrx_word' id='word_1_36' title='bbox 1099 701 1157 763; x_wconf 90' lang='lat' dir='ltr'>Re·</span> 
     </span>
     <span class='ocr_line' id='line_1_7' title="bbox 188 783 1156 866; baseline 0.003 -22"><span class='ocrx_word' id='word_1_37' title='bbox 188 784 295 846; x_wconf 89' lang='lat' dir='ltr'>landus</span> <span class='ocrx_word' id='word_1_38' title='bbox 317 792 535 864; x_wconf 85' lang='lat' dir='ltr'>postmortem</span> <span class='ocrx_word' id='word_1_39' title='bbox 557 783 712 847; x_wconf 87' lang='lat' dir='ltr'>hleibomii</span> <span class='ocrx_word' id='word_1_40' title='bbox 735 787 831 847; x_wconf 89' lang='lat' dir='ltr'>edidit</span> <span class='ocrx_word' id='word_1_41' title='bbox 851 785 984 866; x_wconf 85' lang='lat' dir='ltr'>Trajecti</span> <span class='ocrx_word' id='word_1_42' title='bbox 1004 786 1105 848; x_wconf 86' lang='lat' dir='ltr'>Batav.</span> <span class='ocrx_word' id='word_1_43' title='bbox 1130 807 1156 848; x_wconf 92' lang='lat' dir='ltr'>a.</span> 
     </span>
     <span class='ocr_line' id='line_1_8' title="bbox 190 866 1156 950; baseline 0.004 -22"><span class='ocrx_word' id='word_1_44' title='bbox 190 866 282 929; x_wconf 75' lang='lat'>1711.</span> <span class='ocrx_word' id='word_1_45' title='bbox 305 870 342 930; x_wconf 92' lang='lat' dir='ltr'>Et</span> <span class='ocrx_word' id='word_1_46' title='bbox 364 869 518 931; x_wconf 90' lang='lat' dir='ltr'>Parisinos</span> <span class='ocrx_word' id='word_1_47' title='bbox 541 869 674 949; x_wconf 84' lang='lat' dir='ltr'>quidem,</span> <span class='ocrx_word' id='word_1_48' title='bbox 698 889 827 950; x_wconf 88' lang='lat' dir='ltr'>quorum</span> <span class='ocrx_word' id='word_1_49' title='bbox 849 878 912 932; x_wconf 92' lang='lat' dir='ltr'>tres</span> <span class='ocrx_word' id='word_1_50' title='bbox 927 870 1008 933; x_wconf 91' lang='lat' dir='ltr'>Pabe</span> <span class='ocrx_word' id='word_1_51' title='bbox 1029 868 1091 950; x_wconf 83' lang='lat' dir='ltr'>jam</span> <span class='ocrx_word' id='word_1_52' title='bbox 1108 871 1156 932; x_wconf 87' lang='lat' dir='ltr'>Ja-</span> 
     </span>
     <span class='ocr_line' id='line_1_9' title="bbox 187 953 1156 1034; baseline 0.001 -19"><span class='ocrx_word' id='word_1_53' title='bbox 187 953 281 1015; x_wconf 91' lang='lat' dir='ltr'>cobus</span> <span class='ocrx_word' id='word_1_54' title='bbox 316 954 454 1016; x_wconf 88' lang='lat' dir='ltr'>Gallaeus</span> <span class='ocrx_word' id='word_1_55' title='bbox 487 956 519 1015; x_wconf 93' lang='lat' dir='ltr'>in</span> <span class='ocrx_word' id='word_1_56' title='bbox 559 973 648 1015; x_wconf 93' lang='lat' dir='ltr'>usum</span> <span class='ocrx_word' id='word_1_57' title='bbox 680 955 743 1016; x_wconf 89' lang='lat' dir='ltr'>Jao.</span> <span class='ocrx_word' id='word_1_58' title='bbox 774 957 920 1018; x_wconf 86' lang='lat' dir='ltr'>Gronovii</span> <span class='ocrx_word' id='word_1_59' title='bbox 954 964 1156 1034; x_wconf 75' lang='lat' dir='ltr'>excerpserat,</span> 
     </span>
     <span class='ocr_line' id='line_1_10' title="bbox 187 1038 1157 1119; baseline 0.004 -20"><span class='ocrx_word' id='word_1_60' title='bbox 187 1041 414 1100; x_wconf 86' lang='lat' dir='ltr'>accuratissime</span> <span class='ocrx_word' id='word_1_61' title='bbox 430 1038 618 1101; x_wconf 85' lang='lat' dir='ltr'>Godofredus</span> <span class='ocrx_word' id='word_1_62' title='bbox 633 1038 921 1119; x_wconf 83' lang='lat' dir='ltr'>Schweighiuserus</span> <span class='ocrx_word' id='word_1_63' title='bbox 935 1041 1061 1102; x_wconf 85' lang='lat' dir='ltr'>loannis</span> <span class='ocrx_word' id='word_1_64' title='bbox 1076 1041 1157 1102; x_wconf 88' lang='lat' dir='ltr'>filius</span> 
     </span>
     <span class='ocr_line' id='line_1_11' title="bbox 186 1123 1155 1203; baseline 0.003 -20"><span class='ocrx_word' id='word_1_65' title='bbox 186 1123 314 1184; x_wconf 90' lang='lat' dir='ltr'>contulit</span> <span class='ocrx_word' id='word_1_66' title='bbox 328 1131 357 1185; x_wconf 92' lang='lat' dir='ltr'>et</span> <span class='ocrx_word' id='word_1_67' title='bbox 372 1124 534 1186; x_wconf 83' lang='lat' dir='ltr'>lectionem</span> <span class='ocrx_word' id='word_1_68' title='bbox 544 1126 712 1186; x_wconf 87' lang='lat' dir='ltr'>variantem</span> <span class='ocrx_word' id='word_1_69' title='bbox 727 1125 865 1187; x_wconf 85' lang='lat' dir='ltr'>exhibuit</span> <span class='ocrx_word' id='word_1_70' title='bbox 877 1127 991 1186; x_wconf 89' lang='lat' dir='ltr'>minori</span> <span class='ocrx_word' id='word_1_71' title='bbox 1003 1125 1155 1203; x_wconf 85' lang='lat' dir='ltr'>Schweig-</span> 
     </span>
     <span class='ocr_line' id='line_1_12' title="bbox 184 1207 1155 1288; baseline 0.002 -20"><span class='ocrx_word' id='word_1_72' title='bbox 184 1207 307 1270; x_wconf 77' lang='lat' dir='ltr'>hainseri</span> <span class='ocrx_word' id='word_1_73' title='bbox 335 1209 464 1270; x_wconf 89' lang='lat' dir='ltr'>editioni</span> <span class='ocrx_word' id='word_1_74' title='bbox 497 1209 653 1270; x_wconf 84' lang='lat' dir='ltr'>adnexam.</span> <span class='ocrx_word' id='word_1_75' title='bbox 698 1208 740 1271; x_wconf 93' lang='lat' dir='ltr'>Pa</span> <span class='ocrx_word' id='word_1_76' title='bbox 772 1218 849 1272; x_wconf 90' lang='lat' dir='ltr'>teste</span> <span class='ocrx_word' id='word_1_77' title='bbox 885 1209 1155 1288; x_wconf 78' lang='lat' dir='ltr'>Schweighinsero</span> 
     </span>
     <span class='ocr_line' id='line_1_13' title="bbox 184 1293 1152 1365; baseline 0.002 -12"><span class='ocrx_word' id='word_1_78' title='bbox 184 1293 433 1356; x_wconf 85' lang='lat' dir='ltr'>membranaceus</span> <span class='ocrx_word' id='word_1_79' title='bbox 449 1300 504 1365; x_wconf 89' lang='lat' dir='ltr'>est,</span> <span class='ocrx_word' id='word_1_80' title='bbox 517 1295 612 1355; x_wconf 89' lang='lat' dir='ltr'>ceteri</span> <span class='ocrx_word' id='word_1_81' title='bbox 627 1294 780 1356; x_wconf 91' lang='lat' dir='ltr'>chartacei</span> <span class='ocrx_word' id='word_1_82' title='bbox 796 1303 876 1356; x_wconf 88' lang='lat' dir='ltr'>sunt.</span> <span class='ocrx_word' id='word_1_83' title='bbox 899 1294 941 1356; x_wconf 92' lang='lat' dir='ltr'>Pa</span> <span class='ocrx_word' id='word_1_84' title='bbox 956 1294 1077 1356; x_wconf 90' lang='lat' dir='ltr'>saeculo</span> <span class='ocrx_word' id='word_1_85' title='bbox 1088 1293 1152 1363; x_wconf 91' lang='lat' dir='ltr'>Xll,</span> 
     </span>
     <span class='ocr_line' id='line_1_14' title="bbox 183 1376 1155 1448; baseline 0.001 -10"><span class='ocrx_word' id='word_1_86' title='bbox 183 1376 227 1438; x_wconf 95' lang='lat' dir='ltr'>Pb</span> <span class='ocrx_word' id='word_1_87' title='bbox 251 1397 330 1440; x_wconf 88' lang='lat' dir='ltr'>saec.</span> <span class='ocrx_word' id='word_1_88' title='bbox 353 1377 432 1448; x_wconf 91' lang='lat' dir='ltr'>XIV,</span> <span class='ocrx_word' id='word_1_89' title='bbox 461 1377 502 1440; x_wconf 93' lang='lat' dir='ltr'>Pc</span> <span class='ocrx_word' id='word_1_90' title='bbox 524 1378 591 1439; x_wconf 84' lang='lat' dir='ltr'>lani</span> <span class='ocrx_word' id='word_1_91' title='bbox 614 1378 752 1440; x_wconf 90' lang='lat' dir='ltr'>Lascaris</span> <span class='ocrx_word' id='word_1_92' title='bbox 774 1398 865 1441; x_wconf 92' lang='lat' dir='ltr'>manu</span> <span class='ocrx_word' id='word_1_93' title='bbox 886 1382 1011 1440; x_wconf 90' lang='lat' dir='ltr'>ineunte</span> <span class='ocrx_word' id='word_1_94' title='bbox 1033 1377 1155 1440; x_wconf 87' lang='lat' dir='ltr'>saeculo</span> 
     </span>
     <span class='ocr_line' id='line_1_15' title="bbox 183 1461 1151 1542; baseline 0.001 -20"><span class='ocrx_word' id='word_1_95' title='bbox 183 1461 258 1533; x_wconf 86' lang='lat' dir='ltr'>XVI,</span> <span class='ocrx_word' id='word_1_96' title='bbox 280 1462 333 1525; x_wconf 92' lang='lat' dir='ltr'>Pd.</span> <span class='ocrx_word' id='word_1_97' title='bbox 357 1481 436 1524; x_wconf 91' lang='lat' dir='ltr'>saec.</span> <span class='ocrx_word' id='word_1_98' title='bbox 459 1461 524 1538; x_wconf 85' lang='lat' dir='ltr'>XVI</span> <span class='ocrx_word' id='word_1_99' title='bbox 547 1465 655 1542; x_wconf 92' lang='lat' dir='ltr'>scripti</span> <span class='ocrx_word' id='word_1_100' title='bbox 677 1463 888 1542; x_wconf 88' lang='lat' dir='ltr'>perhibentur.</span> <span class='ocrx_word' id='word_1_101' title='bbox 918 1463 961 1524; x_wconf 84' lang='lat' dir='ltr'>lle</span> <span class='ocrx_word' id='word_1_102' title='bbox 985 1463 1090 1525; x_wconf 91' lang='lat' dir='ltr'>codice</span> <span class='ocrx_word' id='word_1_103' title='bbox 1112 1463 1151 1524; x_wconf 89' lang='grc' dir='ltr'>Μ.</span> 
     </span>
     <span class='ocr_line' id='line_1_16' title="bbox 184 1549 1152 1632; baseline -0.001 -25"><span class='ocrx_word' id='word_1_104' title='bbox 184 1550 353 1618; x_wconf 88' lang='lat' dir='ltr'>nescimus,</span> <span class='ocrx_word' id='word_1_105' title='bbox 377 1566 436 1628; x_wconf 85' lang='lat' dir='ltr'>qua</span> <span class='ocrx_word' id='word_1_106' title='bbox 458 1556 570 1618; x_wconf 88' lang='lat' dir='ltr'>aetate,</span> <span class='ocrx_word' id='word_1_107' title='bbox 594 1566 610 1609; x_wconf 92' lang='lat' dir='ltr'>a</span> <span class='ocrx_word' id='word_1_108' title='bbox 633 1565 708 1628; x_wconf 88' lang='lat' dir='ltr'>quo,</span> <span class='ocrx_word' id='word_1_109' title='bbox 738 1567 796 1628; x_wconf 91' lang='lat' dir='ltr'>qua</span> <span class='ocrx_word' id='word_1_110' title='bbox 819 1552 850 1609; x_wconf 93' lang='lat' dir='ltr'>in</span> <span class='ocrx_word' id='word_1_111' title='bbox 872 1549 997 1625; x_wconf 83' lang='lat' dir='ltr'>regione</span> <span class='ocrx_word' id='word_1_112' title='bbox 1020 1550 1152 1632; x_wconf 89' lang='lat' dir='ltr'>scriptus</span> 
     </span>
     <span class='ocr_line' id='line_1_17' title="bbox 184 1631 1152 1712; baseline 0 -20"><span class='ocrx_word' id='word_1_113' title='bbox 184 1633 238 1702; x_wconf 89' lang='lat' dir='ltr'>sit,</span> <span class='ocrx_word' id='word_1_114' title='bbox 267 1651 323 1694; x_wconf 89' lang='lat' dir='ltr'>nec</span> <span class='ocrx_word' id='word_1_115' title='bbox 352 1631 439 1712; x_wconf 83' lang='lat' dir='ltr'>cujus</span> <span class='ocrx_word' id='word_1_116' title='bbox 462 1640 528 1693; x_wconf 90' lang='lat' dir='ltr'>turn</span> <span class='ocrx_word' id='word_1_117' title='bbox 556 1633 664 1702; x_wconf 82' lang='lat' dir='ltr'>fuerit,</span> <span class='ocrx_word' id='word_1_118' title='bbox 694 1651 764 1693; x_wconf 94' lang='lat' dir='ltr'>cum</span> <span class='ocrx_word' id='word_1_119' title='bbox 785 1632 967 1694; x_wconf 88' lang='lat' dir='ltr'>Meibomius</span> <span class='ocrx_word' id='word_1_120' title='bbox 990 1649 1058 1693; x_wconf 92' lang='lat' dir='ltr'>eum</span> <span class='ocrx_word' id='word_1_121' title='bbox 1081 1649 1152 1693; x_wconf 90' lang='lat' dir='ltr'>cum</span> 
     </span>
     <span class='ocr_line' id='line_1_18' title="bbox 183 1715 1151 1798; baseline -0.002 -21"><span class='ocrx_word' id='word_1_122' title='bbox 183 1734 255 1778; x_wconf 89' lang='lat' dir='ltr'>snae</span> <span class='ocrx_word' id='word_1_123' title='bbox 277 1717 421 1778; x_wconf 83' lang='lat' dir='ltr'>editionis</span> <span class='ocrx_word' id='word_1_124' title='bbox 450 1717 588 1796; x_wconf 82' lang='lat' dir='ltr'>exemplo</span> <span class='ocrx_word' id='word_1_125' title='bbox 610 1725 814 1796; x_wconf 88' lang='lat' dir='ltr'>compararet,</span> <span class='ocrx_word' id='word_1_126' title='bbox 844 1719 987 1798; x_wconf 85' lang='lat' dir='ltr'>quoniam</span> <span class='ocrx_word' id='word_1_127' title='bbox 1014 1715 1092 1776; x_wconf 92' lang='lat' dir='ltr'>nihil</span> <span class='ocrx_word' id='word_1_128' title='bbox 1115 1715 1151 1776; x_wconf 92' lang='lat' dir='ltr'>dc</span> 
     </span>
     <span class='ocr_line' id='line_1_19' title="bbox 182 1800 1151 1864; baseline -0.001 -2"><span class='ocrx_word' id='word_1_129' title='bbox 182 1801 230 1862; x_wconf 93' lang='lat' dir='ltr'>his</span> <span class='ocrx_word' id='word_1_130' title='bbox 244 1802 396 1864; x_wconf 88' lang='lat' dir='ltr'>llelandus</span> <span class='ocrx_word' id='word_1_131' title='bbox 411 1803 524 1863; x_wconf 90' lang='lat' dir='ltr'>docuit.</span> <span class='ocrx_word' id='word_1_132' title='bbox 553 1801 725 1863; x_wconf 88' lang='lat' dir='ltr'>Verisimile</span> <span class='ocrx_word' id='word_1_133' title='bbox 747 1809 847 1863; x_wconf 91' lang='lat' dir='ltr'>tamen</span> <span class='ocrx_word' id='word_1_134' title='bbox 869 1809 915 1862; x_wconf 90' lang='lat' dir='ltr'>est</span> <span class='ocrx_word' id='word_1_135' title='bbox 930 1800 1068 1863; x_wconf 81' lang='lat' dir='ltr'>codicem</span> <span class='ocrx_word' id='word_1_136' title='bbox 1090 1818 1151 1861; x_wconf 92' lang='lat' dir='ltr'>non</span> 
     </span>
     <span class='ocr_line' id='line_1_20' title="bbox 183 1885 1151 1966; baseline 0.002 -21"><span class='ocrx_word' id='word_1_137' title='bbox 183 1886 276 1947; x_wconf 91' lang='lat' dir='ltr'>alium</span> <span class='ocrx_word' id='word_1_138' title='bbox 291 1905 357 1950; x_wconf 89' lang='lat' dir='ltr'>esse</span> <span class='ocrx_word' id='word_1_139' title='bbox 379 1895 469 1966; x_wconf 91' lang='lat' dir='ltr'>atque</span> <span class='ocrx_word' id='word_1_140' title='bbox 484 1886 679 1948; x_wconf 79' lang='lat' dir='ltr'>Heiniensem</span> <span class='ocrx_word' id='word_1_141' title='bbox 702 1886 798 1957; x_wconf 89' lang='lat' dir='ltr'>ilium,</span> <span class='ocrx_word' id='word_1_142' title='bbox 822 1905 882 1966; x_wconf 91' lang='lat' dir='ltr'>quo</span> <span class='ocrx_word' id='word_1_143' title='bbox 904 1888 996 1948; x_wconf 89' lang='lat' dir='ltr'>etiam</span> <span class='ocrx_word' id='word_1_144' title='bbox 1017 1885 1151 1966; x_wconf 87' lang='lat' dir='ltr'>Epicteti</span> 
     </span>
     <span class='ocr_line' id='line_1_21' title="bbox 182 1969 1150 2048; baseline 0.001 -18"><span class='ocrx_word' id='word_1_145' title='bbox 182 1971 374 2032; x_wconf 88' lang='lat' dir='ltr'>enchiridion</span> <span class='ocrx_word' id='word_1_146' title='bbox 402 1973 592 2042; x_wconf 86' lang='lat' dir='ltr'>continetur,</span> <span class='ocrx_word' id='word_1_147' title='bbox 624 1969 711 2048; x_wconf 89' lang='lat' dir='ltr'>cujus</span> <span class='ocrx_word' id='word_1_148' title='bbox 744 1971 906 2033; x_wconf 90' lang='lat' dir='ltr'>lectionem</span> <span class='ocrx_word' id='word_1_149' title='bbox 938 1972 1105 2032; x_wconf 87' lang='lat' dir='ltr'>variantem</span> <span class='ocrx_word' id='word_1_150' title='bbox 1133 1987 1150 2031; x_wconf 92' lang='lat' dir='ltr'>a</span> 
     </span>
     <span class='ocr_line' id='line_1_22' title="bbox 180 2053 1149 2118; baseline -0.001 -3"><span class='ocrx_word' id='word_1_151' title='bbox 180 2053 342 2117; x_wconf 87' lang='lat' dir='ltr'>bleibomio</span> <span class='ocrx_word' id='word_1_152' title='bbox 364 2055 530 2118; x_wconf 86' lang='lat' dir='ltr'>exhibitam</span> <span class='ocrx_word' id='word_1_153' title='bbox 545 2055 581 2116; x_wconf 87' lang='grc' dir='ltr'>Η.</span> <span class='ocrx_word' id='word_1_154' title='bbox 597 2054 750 2117; x_wconf 88' lang='lat' dir='ltr'>llelandus</span> <span class='ocrx_word' id='word_1_155' title='bbox 772 2055 867 2117; x_wconf 91' lang='lat' dir='ltr'>edidit</span> <span class='ocrx_word' id='word_1_156' title='bbox 889 2058 922 2117; x_wconf 92' lang='lat' dir='ltr'>in</span> <span class='ocrx_word' id='word_1_157' title='bbox 945 2056 1078 2117; x_wconf 91' lang='lat' dir='ltr'>editione</span> <span class='ocrx_word' id='word_1_158' title='bbox 1100 2073 1149 2114; x_wconf 92' lang='lat' dir='ltr'>su·</span> 
     </span>
     <span class='ocr_line' id='line_1_23' title="bbox 179 2137 1150 2220; baseline -0.002 -21"><span class='ocrx_word' id='word_1_159' title='bbox 179 2157 234 2218; x_wconf 94' lang='lat' dir='ltr'>pra</span> <span class='ocrx_word' id='word_1_160' title='bbox 256 2147 488 2202; x_wconf 90' lang='lat' dir='ltr'>commemorata</span> <span class='ocrx_word' id='word_1_161' title='bbox 510 2160 539 2220; x_wconf 91' lang='lat' dir='ltr'>p.</span> <span class='ocrx_word' id='word_1_162' title='bbox 555 2137 613 2200; x_wconf 90' lang='lat'>101</span> <span class='ocrx_word' id='word_1_163' title='bbox 628 2159 693 2220; x_wconf 89' lang='lat' dir='ltr'>sqq.</span> <span class='ocrx_word' id='word_1_164' title='bbox 721 2139 798 2202; x_wconf 93' lang='lat' dir='ltr'>Eum</span> <span class='ocrx_word' id='word_1_165' title='bbox 820 2141 957 2203; x_wconf 89' lang='lat' dir='ltr'>codicem</span> <span class='ocrx_word' id='word_1_166' title='bbox 979 2161 1019 2201; x_wconf 89' lang='lat' dir='ltr'>m.</span> <span class='ocrx_word' id='word_1_167' title='bbox 1035 2137 1150 2200; x_wconf 82' lang='lat' dir='ltr'>bleihe-</span> 
     </span>
     <span class='ocr_line' id='line_1_24' title="bbox 179 2225 1148 2305; baseline -0.003 -21"><span class='ocrx_word' id='word_1_168' title='bbox 179 2226 258 2285; x_wconf 87' lang='lat' dir='ltr'>mius</span> <span class='ocrx_word' id='word_1_169' title='bbox 266 2226 340 2287; x_wconf 89' lang='lat' dir='ltr'>dicit</span> <span class='ocrx_word' id='word_1_170' title='bbox 353 2244 415 2287; x_wconf 94' lang='lat' dir='ltr'>non</span> <span class='ocrx_word' id='word_1_171' title='bbox 426 2225 585 2286; x_wconf 92' lang='lat' dir='ltr'>admodum</span> <span class='ocrx_word' id='word_1_172' title='bbox 597 2229 747 2305; x_wconf 86' lang='lat' dir='ltr'>antiquae,</span> <span class='ocrx_word' id='word_1_173' title='bbox 756 2226 853 2287; x_wconf 92' lang='lat' dir='ltr'>bonae</span> <span class='ocrx_word' id='word_1_174' title='bbox 864 2234 964 2288; x_wconf 89' lang='lat' dir='ltr'>tamen</span> <span class='ocrx_word' id='word_1_175' title='bbox 974 2231 1063 2286; x_wconf 89' lang='lat' dir='ltr'>notae</span> <span class='ocrx_word' id='word_1_176' title='bbox 1072 2240 1148 2283; x_wconf 88' lang='lat' dir='ltr'>esse.</span> 
     </span>
    </p>

    <p class='ocr_par' dir='ltr' id='par_1_3' title="bbox 178 2308 1148 2642">
     <span class='ocr_line' id='line_1_25' title="bbox 264 2308 1147 2389; baseline -0.006 -19"><span class='ocrx_word' id='word_1_177' title='bbox 264 2309 302 2370; x_wconf 94' lang='lat' dir='ltr'>Et</span> <span class='ocrx_word' id='word_1_178' title='bbox 331 2312 452 2372; x_wconf 90' lang='lat' dir='ltr'>omnino</span> <span class='ocrx_word' id='word_1_179' title='bbox 481 2308 602 2389; x_wconf 88' lang='lat' dir='ltr'>quidem</span> <span class='ocrx_word' id='word_1_180' title='bbox 632 2311 793 2372; x_wconf 90' lang='lat' dir='ltr'>dicendum</span> <span class='ocrx_word' id='word_1_181' title='bbox 822 2317 868 2373; x_wconf 91' lang='lat' dir='ltr'>est</span> <span class='ocrx_word' id='word_1_182' title='bbox 895 2308 1035 2371; x_wconf 90' lang='lat' dir='ltr'>codicum</span> <span class='ocrx_word' id='word_1_183' title='bbox 1067 2325 1147 2368; x_wconf 90' lang='lat' dir='ltr'>man.</span> 
     </span>
     <span class='ocr_line' id='line_1_26' title="bbox 183 2393 1148 2457; baseline -0.002 -4"><span class='ocrx_word' id='word_1_184' title='bbox 183 2393 389 2456; x_wconf 90' lang='lat' dir='ltr'>conditionem</span> <span class='ocrx_word' id='word_1_185' title='bbox 416 2396 588 2455; x_wconf 88' lang='lat' dir='ltr'>miserrimc</span> <span class='ocrx_word' id='word_1_186' title='bbox 616 2393 760 2457; x_wconf 81' lang='lat' dir='ltr'>afflictam</span> <span class='ocrx_word' id='word_1_187' title='bbox 789 2413 864 2456; x_wconf 91' lang='lat' dir='ltr'>esse.</span> <span class='ocrx_word' id='word_1_188' title='bbox 902 2394 1037 2457; x_wconf 90' lang='lat' dir='ltr'>Primum</span> <span class='ocrx_word' id='word_1_189' title='bbox 1066 2393 1148 2453; x_wconf 90' lang='lat' dir='ltr'>enim</span> 
     </span>
     <span class='ocr_line' id='line_1_27' title="bbox 179 2478 1146 2559; baseline -0.004 -21"><span class='ocrx_word' id='word_1_190' title='bbox 179 2486 313 2541; x_wconf 92' lang='lat' dir='ltr'>extrema</span> <span class='ocrx_word' id='word_1_191' title='bbox 336 2481 453 2559; x_wconf 90' lang='lat' dir='ltr'>pinacis</span> <span class='ocrx_word' id='word_1_192' title='bbox 468 2497 539 2559; x_wconf 90' lang='lat' dir='ltr'>pars</span> <span class='ocrx_word' id='word_1_193' title='bbox 554 2495 663 2556; x_wconf 78' lang='lat' dir='ltr'>graece</span> <span class='ocrx_word' id='word_1_194' title='bbox 678 2480 801 2558; x_wconf 90' lang='lat' dir='ltr'>quidem</span> <span class='ocrx_word' id='word_1_195' title='bbox 821 2482 854 2541; x_wconf 92' lang='lat' dir='ltr'>in</span> <span class='ocrx_word' id='word_1_196' title='bbox 875 2479 960 2540; x_wconf 92' lang='lat' dir='ltr'>nullo</span> <span class='ocrx_word' id='word_1_197' title='bbox 984 2478 1049 2540; x_wconf 89' lang='lat' dir='ltr'>cod.</span> <span class='ocrx_word' id='word_1_198' title='bbox 1066 2493 1146 2538; x_wconf 87' lang='lat' dir='ltr'>man.</span> 
     </span>
     <span class='ocr_line' id='line_1_28' title="bbox 178 2563 1018 2642; baseline 0 -20"><span class='ocrx_word' id='word_1_199' title='bbox 178 2570 268 2635; x_wconf 89' lang='lat' dir='ltr'>extat,</span> <span class='ocrx_word' id='word_1_200' title='bbox 292 2567 334 2625; x_wconf 90' lang='lat' dir='ltr'>ita</span> <span class='ocrx_word' id='word_1_201' title='bbox 356 2571 390 2625; x_wconf 93' lang='lat' dir='ltr'>nt</span> <span class='ocrx_word' id='word_1_202' title='bbox 413 2581 518 2624; x_wconf 89' lang='lat' dir='ltr'>omnes</span> <span class='ocrx_word' id='word_1_203' title='bbox 540 2563 608 2642; x_wconf 91' lang='lat' dir='ltr'>plus</span> <span class='ocrx_word' id='word_1_204' title='bbox 631 2564 678 2624; x_wconf 90' lang='lat' dir='ltr'>vel</span> <span class='ocrx_word' id='word_1_205' title='bbox 700 2567 802 2626; x_wconf 89' lang='lat' dir='ltr'>minus</span> <span class='ocrx_word' id='word_1_206' title='bbox 823 2564 925 2626; x_wconf 90' lang='lat' dir='ltr'>mutili</span> <span class='ocrx_word' id='word_1_207' title='bbox 947 2567 1018 2625; x_wconf 90' lang='lat' dir='ltr'>sint.</span> 
     </span>
    </p>

    <p class='ocr_par' dir='ltr' id='par_1_4' title="bbox 175 2641 1146 3067">
     <span class='ocr_line' id='line_1_29' title="bbox 261 2641 1146 2730; baseline -0.002 -21"><span class='ocrx_word' id='word_1_208' title='bbox 261 2647 303 2709; x_wconf 92' lang='lat' dir='ltr'>Pa</span> <span class='ocrx_word' id='word_1_209' title='bbox 317 2648 377 2727; x_wconf 89' lang='lat' dir='ltr'>jam</span> <span class='ocrx_word' id='word_1_210' title='bbox 394 2650 426 2709; x_wconf 92' lang='lat' dir='ltr'>in</span> <span class='ocrx_word' id='word_1_211' title='bbox 442 2667 507 2730; x_wconf 88' lang='lat' dir='ltr'>cap.</span> <span class='ocrx_word' id='word_1_212' title='bbox 523 2644 574 2718; x_wconf 79' lang='lat'>23,</span> <span class='ocrx_word' id='word_1_213' title='bbox 590 2644 622 2708; x_wconf 79' lang='lat'>2.</span> <span class='ocrx_word' id='word_1_214' title='bbox 639 2648 751 2710; x_wconf 90' lang='lat' dir='ltr'>desinit</span> <span class='ocrx_word' id='word_1_215' title='bbox 767 2651 799 2710; x_wconf 93' lang='lat' dir='ltr'>in</span> <span class='ocrx_word' id='word_1_216' title='bbox 813 2647 916 2710; x_wconf 91' lang='lat' dir='ltr'>verbis</span> <span class='ocrx_word' id='word_1_217' title='bbox 936 2641 1049 2726; x_wconf 72' lang='grc' dir='ltr'><strong><em>ὥσπερ</em></strong></span> <span class='ocrx_word' id='word_1_218' title='bbox 1064 2641 1146 2724; x_wconf 78' lang='grc' dir='ltr'><strong>πρό·</strong></span> 
     </span>
     <span class='ocr_line' id='line_1_30' title="bbox 177 2731 1146 2814; baseline 0 -23"><span class='ocrx_word' id='word_1_219' title='bbox 177 2749 287 2811; x_wconf 79' lang='grc' dir='ltr'><strong>τερον.</strong></span> <span class='ocrx_word' id='word_1_220' title='bbox 325 2734 364 2795; x_wconf 89' lang='grc' dir='ltr'>Μ.</span> <span class='ocrx_word' id='word_1_221' title='bbox 387 2733 428 2794; x_wconf 93' lang='lat' dir='ltr'>Pc</span> <span class='ocrx_word' id='word_1_222' title='bbox 452 2741 482 2795; x_wconf 88' lang='lat' dir='ltr'>et</span> <span class='ocrx_word' id='word_1_223' title='bbox 505 2733 613 2803; x_wconf 88' lang='lat' dir='ltr'>codex,</span> <span class='ocrx_word' id='word_1_224' title='bbox 637 2735 691 2814; x_wconf 87' lang='lat' dir='ltr'>qui</span> <span class='ocrx_word' id='word_1_225' title='bbox 712 2734 856 2812; x_wconf 89' lang='lat' dir='ltr'>Vulgatae</span> <span class='ocrx_word' id='word_1_226' title='bbox 879 2733 991 2795; x_wconf 82' lang='lat' dir='ltr'>fundus</span> <span class='ocrx_word' id='word_1_227' title='bbox 1014 2740 1069 2802; x_wconf 92' lang='lat' dir='ltr'>est,</span> <span class='ocrx_word' id='word_1_228' title='bbox 1093 2731 1146 2792; x_wconf 92' lang='lat' dir='ltr'>de·</span> 
     </span>
     <span class='ocr_line' id='line_1_31' title="bbox 176 2809 1145 2900; baseline 0 -24"><span class='ocrx_word' id='word_1_229' title='bbox 176 2818 280 2878; x_wconf 91' lang='lat' dir='ltr'>sinunt</span> <span class='ocrx_word' id='word_1_230' title='bbox 295 2820 328 2878; x_wconf 90' lang='lat' dir='ltr'>iu</span> <span class='ocrx_word' id='word_1_231' title='bbox 342 2817 445 2880; x_wconf 90' lang='lat' dir='ltr'>verbis</span> <span class='ocrx_word' id='word_1_232' title='bbox 460 2811 517 2878; x_wconf 81' lang='lat' dir='ltr'>dcci</span> <span class='ocrx_word' id='word_1_233' title='bbox 530 2815 594 2900; x_wconf 79' lang='grc' dir='ltr'>τὴν</span> <span class='ocrx_word' id='word_1_234' title='bbox 613 2817 676 2878; x_wconf 81' lang='grc' dir='ltr'>τοῦ</span> <span class='ocrx_word' id='word_1_235' title='bbox 690 2812 828 2897; x_wconf 77' lang='grc' dir='ltr'><em>ἀγαθοῦ</em></span> <span class='ocrx_word' id='word_1_236' title='bbox 843 2809 988 2896; x_wconf 75' lang='grc' dir='ltr'><em>ἄγνοιαν</em></span> <span class='ocrx_word' id='word_1_237' title='bbox 1010 2836 1075 2897; x_wconf 93' lang='lat' dir='ltr'>cap.</span> <span class='ocrx_word' id='word_1_238' title='bbox 1091 2812 1145 2886; x_wconf 88' lang='grc'>40,</span> 
     </span>
     <span class='ocr_line' id='line_1_32' title="bbox 175 2896 1146 2982; baseline -0.001 -22"><span class='ocrx_word' id='word_1_239' title='bbox 175 2896 205 2960; x_wconf 82' lang='lat'>2.</span> <span class='ocrx_word' id='word_1_240' title='bbox 244 2901 418 2964; x_wconf 84' lang='lat' dir='ltr'>Extremam</span> <span class='ocrx_word' id='word_1_241' title='bbox 441 2905 544 2982; x_wconf 87' lang='lat' dir='ltr'>graeci</span> <span class='ocrx_word' id='word_1_242' title='bbox 572 2910 672 2964; x_wconf 91' lang='lat' dir='ltr'>textus</span> <span class='ocrx_word' id='word_1_243' title='bbox 693 2911 811 2982; x_wconf 91' lang='lat' dir='ltr'>partem</span> <span class='ocrx_word' id='word_1_244' title='bbox 838 2905 955 2982; x_wconf 91' lang='lat' dir='ltr'>primus</span> <span class='ocrx_word' id='word_1_245' title='bbox 977 2902 1146 2965; x_wconf 81' lang='lat' dir='ltr'>Gronovius</span> 
     </span>
     <span class='ocr_line' id='line_1_33' title="bbox 177 2984 1144 3067; baseline -0.003 -21"><span class='ocrx_word' id='word_1_246' title='bbox 177 3000 213 3046; x_wconf 90' lang='lat' dir='ltr'>ex</span> <span class='ocrx_word' id='word_1_247' title='bbox 228 2984 303 3047; x_wconf 93' lang='lat' dir='ltr'>Pbd.</span> <span class='ocrx_word' id='word_1_248' title='bbox 321 2988 426 3049; x_wconf 91' lang='lat' dir='ltr'>edidit.</span> <span class='ocrx_word' id='word_1_249' title='bbox 462 2987 522 3048; x_wconf 88' lang='lat' dir='ltr'>Sed</span> <span class='ocrx_word' id='word_1_250' title='bbox 543 2990 643 3067; x_wconf 83' lang='lat' dir='ltr'>ipsum</span> <span class='ocrx_word' id='word_1_251' title='bbox 665 2987 778 3066; x_wconf 92' lang='lat' dir='ltr'>dialogi</span> <span class='ocrx_word' id='word_1_252' title='bbox 800 2989 890 3050; x_wconf 79' lang='lat' dir='ltr'>tinem</span> <span class='ocrx_word' id='word_1_253' title='bbox 912 3006 974 3051; x_wconf 94' lang='lat' dir='ltr'>non</span> <span class='ocrx_word' id='word_1_254' title='bbox 995 2988 1056 3048; x_wconf 91' lang='lat' dir='ltr'>nisi</span> <span class='ocrx_word' id='word_1_255' title='bbox 1078 3002 1144 3046; x_wconf 92' lang='lat' dir='ltr'>ara·</span> 
     </span>
    </p>
   </div>
   <div class='ocr_carea' id='block_1_3' title="bbox 91 3068 1144 3580">
    <p class='ocr_par' dir='ltr' id='par_1_5' title="bbox 91 3068 1144 3580">
     <span class='ocr_line' id='line_1_34' title="bbox 91 3068 1144 3152; baseline -0.002 -22"><span class='ocrx_word' id='word_1_256' title='bbox 91 3103 93 3108; x_wconf 86' lang='lat'><em>.</em></span> <span class='ocrx_word' id='word_1_257' title='bbox 175 3069 245 3132; x_wconf 90' lang='lat' dir='ltr'>bica</span> <span class='ocrx_word' id='word_1_258' title='bbox 262 3073 455 3152; x_wconf 90' lang='lat' dir='ltr'>paraphrasis</span> <span class='ocrx_word' id='word_1_259' title='bbox 470 3071 560 3134; x_wconf 91' lang='lat' dir='ltr'>nobis</span> <span class='ocrx_word' id='word_1_260' title='bbox 575 3075 713 3144; x_wconf 91' lang='lat' dir='ltr'>servavit,</span> <span class='ocrx_word' id='word_1_261' title='bbox 726 3071 909 3143; x_wconf 78' lang='lat' dir='ltr'>himamonc,</span> <span class='ocrx_word' id='word_1_262' title='bbox 922 3073 1051 3152; x_wconf 88' lang='lat' dir='ltr'>septimo</span> <span class='ocrx_word' id='word_1_263' title='bbox 1067 3068 1144 3130; x_wconf 88' lang='lat' dir='ltr'>Cha·</span> 
     </span>
     <span class='ocr_line' id='line_1_35' title="bbox 175 3155 1141 3238; baseline -0.002 -22"><span class='ocrx_word' id='word_1_264' title='bbox 175 3155 298 3218; x_wconf 87' lang='lat' dir='ltr'>lifarnm</span> <span class='ocrx_word' id='word_1_265' title='bbox 320 3177 357 3219; x_wconf 86' lang='lat' dir='ltr'>ex</span> <span class='ocrx_word' id='word_1_266' title='bbox 379 3166 468 3235; x_wconf 90' lang='lat' dir='ltr'>gente</span> <span class='ocrx_word' id='word_1_267' title='bbox 490 3155 703 3218; x_wconf 80' lang='lat' dir='ltr'>Abassidarum</span> <span class='ocrx_word' id='word_1_268' title='bbox 726 3164 883 3238; x_wconf 89' lang='lat' dir='ltr'>regnante,</span> <span class='ocrx_word' id='word_1_269' title='bbox 907 3160 929 3218; x_wconf 87' lang='lat' dir='ltr'>i.</span> <span class='ocrx_word' id='word_1_270' title='bbox 945 3176 972 3218; x_wconf 88' lang='lat' dir='ltr'>e.</span> <span class='ocrx_word' id='word_1_271' title='bbox 988 3155 1029 3216; x_wconf 83' lang='lat' dir='ltr'>lx</span> <span class='ocrx_word' id='word_1_272' title='bbox 1051 3171 1141 3223; x_wconf 83' lang='lat' dir='ltr'>saec,</span> 
     </span>
     <span class='ocr_line' id='line_1_36' title="bbox 175 3239 1143 3322; baseline -0.001 -22"><span class='ocrx_word' id='word_1_273' title='bbox 175 3248 257 3312; x_wconf 92' lang='lat' dir='ltr'>orta,</span> <span class='ocrx_word' id='word_1_274' title='bbox 285 3251 319 3304; x_wconf 92' lang='lat' dir='ltr'>ut</span> <span class='ocrx_word' id='word_1_275' title='bbox 348 3242 512 3304; x_wconf 91' lang='lat' dir='ltr'>Salmasius</span> <span class='ocrx_word' id='word_1_276' title='bbox 542 3242 664 3322; x_wconf 85' lang='lat' dir='ltr'>quidem</span> <span class='ocrx_word' id='word_1_277' title='bbox 693 3250 806 3304; x_wconf 90' lang='lat' dir='ltr'>censet.</span> <span class='ocrx_word' id='word_1_278' title='bbox 843 3243 917 3304; x_wconf 91' lang='lat' dir='ltr'>Eam</span> <span class='ocrx_word' id='word_1_279' title='bbox 944 3239 1143 3321; x_wconf 86' lang='lat' dir='ltr'>paraphrasin</span> 
     </span>
     <span class='ocr_line' id='line_1_37' title="bbox 172 3327 1142 3406; baseline 0.001 -21"><span class='ocrx_word' id='word_1_280' title='bbox 172 3333 267 3387; x_wconf 90' lang='lat' dir='ltr'>totam</span> <span class='ocrx_word' id='word_1_281' title='bbox 290 3327 382 3389; x_wconf 91' lang='lat' dir='ltr'>latine</span> <span class='ocrx_word' id='word_1_282' title='bbox 398 3330 488 3389; x_wconf 87' lang='lat' dir='ltr'>vertit</span> <span class='ocrx_word' id='word_1_283' title='bbox 504 3328 635 3389; x_wconf 85' lang='lat' dir='ltr'>loannes</span> <span class='ocrx_word' id='word_1_284' title='bbox 649 3327 877 3397; x_wconf 91' lang='lat' dir='ltr'>Elichmannus,</span> <span class='ocrx_word' id='word_1_285' title='bbox 900 3329 952 3406; x_wconf 93' lang='lat' dir='ltr'>qui</span> <span class='ocrx_word' id='word_1_286' title='bbox 972 3328 1061 3388; x_wconf 91' lang='lat' dir='ltr'>initio</span> <span class='ocrx_word' id='word_1_287' title='bbox 1078 3342 1142 3386; x_wconf 89' lang='lat' dir='ltr'>sae·</span> 
     </span>
     <span class='ocr_line' id='line_1_38' title="bbox 175 3410 1143 3493; baseline -0.003 -22"><span class='ocrx_word' id='word_1_288' title='bbox 175 3410 238 3471; x_wconf 93' lang='lat' dir='ltr'>culi</span> <span class='ocrx_word' id='word_1_289' title='bbox 266 3415 388 3492; x_wconf 90' lang='lat' dir='ltr'>septimi</span> <span class='ocrx_word' id='word_1_290' title='bbox 418 3413 529 3475; x_wconf 92' lang='lat' dir='ltr'>decimi</span> <span class='ocrx_word' id='word_1_291' title='bbox 556 3413 737 3475; x_wconf 88' lang='lat' dir='ltr'>medicinam</span> <span class='ocrx_word' id='word_1_292' title='bbox 766 3413 922 3493; x_wconf 90' lang='lat' dir='ltr'>prolessus</span> <span class='ocrx_word' id='word_1_293' title='bbox 945 3411 1086 3474; x_wconf 89' lang='lat' dir='ltr'>arabicae</span> <span class='ocrx_word' id='word_1_294' title='bbox 1112 3416 1143 3469; x_wconf 90' lang='lat' dir='ltr'>et</span> 
     </span>
     <span class='ocr_line' id='line_1_39' title="bbox 174 3493 1142 3580; baseline -0.002 -24"><span class='ocrx_word' id='word_1_295' title='bbox 174 3497 311 3574; x_wconf 90' lang='lat' dir='ltr'>persicae</span> <span class='ocrx_word' id='word_1_296' title='bbox 333 3497 455 3577; x_wconf 87' lang='lat' dir='ltr'>linguae</span> <span class='ocrx_word' id='word_1_297' title='bbox 478 3500 650 3578; x_wconf 87' lang='lat' dir='ltr'>cognitione</span> <span class='ocrx_word' id='word_1_298' title='bbox 665 3515 849 3580; x_wconf 86' lang='lat' dir='ltr'>magnopere</span> <span class='ocrx_word' id='word_1_299' title='bbox 873 3497 1024 3560; x_wconf 87' lang='lat' dir='ltr'>excelluit.</span> <span class='ocrx_word' id='word_1_300' title='bbox 1060 3493 1142 3573; x_wconf 88' lang='lat' dir='ltr'>Opus</span> 
     </span>
    </p>
   </div>
   <div class='ocr_carea' id='block_1_4' title="bbox 0 0 1308 4040">
    <p class='ocr_par' dir='ltr' id='par_1_6' title="bbox 0 0 1308 4040">
     <span class='ocr_line' id='line_1_40' title="bbox 0 0 1308 4040; baseline 0 6"><span class='ocrx_word' id='word_1_301' title='bbox 0 0 1308 4040; x_wconf 95' lang='lat' dir='ltr'> </span> 
     </span>
    </p>
   </div>
  </div>
 </body>
</html>
