2606 4040
546 233 816 310 ...22¹-

225 375 382 466 βιοίσεται
403 375 487 462 μετὰ
511 375 620 465 πάσης
651 375 846 463 άσφαίείας.
878 376 1105 458 ὑποδέξονται
1129 382 1196 470 γὰρ

225 475 334 547 αὐτὸν
352 475 506 566 άσμένως
520 477 657 567 πάντες,
675 477 830 567 καθάπερ
848 477 909 548 τὸν
924 479 1044 570 ίατρδν
1057 486 1095 550 οί
1107 482 1196 570 κάμ-

223 605 353 666 μουνες.

190 693 207 743 2
302 687 339 762 Ξ.
367 681 522 771 Πότερον
535 671 600 750 οὖν
618 680 776 763 κάκείυας
789 683 850 763 τὰς
863 695 1044 771 γυναῖκας,
1057 678 1099 764 άς
1114 689 1197 774 ἔφης

224 790 331 874 θηρία
349 781 448 871 εἶναι,
466 781 580 852 οὐκέτι
592 791 759 872 φοβεῖται,
772 783 818 874 μή
831 810 864 852 τι
877 783 973 874 πάθη
987 782 1045 854 ὑπ’
1062 784 1197 867 αάτῶν;

302 895 349 973 Π,
368 885 423 974 Νὴ
443 891 525 973 Δία,
543 882 657 954 οὐδέν.
694 883 736 955 οά
754 885 800 975 μὴ
818 886 1090 975 διοχίηδήσεται,
1117 885 1199 958 οὔτε

224 984 294 1055 ὑπὸ
310 984 468 1074 Ὀδάνης,
487 983 564 1055 οὔτε
582 985 651 1056 άπὸ
670 987 806 1076 Λάπης,
832 985 911 1057 οὔτε
928 985 986 1056 ὑπ’
1002 987 1198 1078 Ἀκρασίας,

190 1104 207 1154 3
225 1084 304 1157 οὔτε
320 1086 391 1156 άπδ
418 1095 663 1178 Φιλαρχυρίας,
682 1086 760 1158 οὔτε
776 1087 845 1158 άπὸ
878 1096 1019 1179 Πενίας,
1038 1088 1119 1159 οὔτε
1136 1090 1194 1160 ὑπ’

224 1186 331 1259 ἄλλου
363 1192 469 1258 κακοῦ
496 1188 648 1270 οὐδενός.
684 1188 847 1259 άπάντων
870 1190 936 1280 γάρ
956 1191 1117 1281 κυριεύει,
1140 1195 1199 1261 καὶ

226 1291 342 1360 ἐπάνω
356 1291 495 1361 πάντων
523 1293 594 1361 ἐστὶ
617 1292 688 1360 τῶν
714 1291 882 1383 πρότερον
905 1290 1013 1362 αὐτὸν
1038 1293 1199 1362 λυπούν-

224 1419 306 1480 των,
332 1393 487 1484 καθάπερ
506 1397 543 1463 οί
558 1391 757 1481 ὀφιογευείς.
789 1394 831 1462 τά
855 1394 922 1485 γάρ
946 1399 1053 1485 θηρία
1071 1394 1199 1483 δήπου,

229 1494 270 1562 τά
290 1494 421 1576 πάντας
443 1495 526 1574 τούς
544 1493 670 1576 ἄλλους
695 1498 945 1565 κακοποιοῦυτα
960 1496 1057 1584 μέχρι
1081 1497 1199 1566 θανά-

226 1622 301 1684 του,
322 1598 474 1676 ἐκείνους
492 1587 534 1664 οὐ
554 1603 668 1685 λυπεῖ,
687 1597 744 1665 διά
761 1598 800 1666 τό
827 1603 913 1684 ἔχειν
938 1595 1200 1687 ἀντιφάρμακον

225 1695 363 1778 αὐτούς.
393 1695 554 1767 οὕτωκαὶ
572 1699 696 1767 τοῦτον
714 1695 829 1767 οὐκέτι
841 1697 946 1768 οὐδὲν
959 1705 1073 1786 ίυπεί,
1083 1699 1141 1768 διά
1161 1702 1200 1771 τὸ

239 1804 325 1885 ἔχειν
338 1797 375 1868 τδ
390 1797 656 1891 άυτιφάρμακον.

301 1894 465 1972 XXVH.
493 1908 530 1982 Ξ.
564 1903 687 1981 Καλῶς
716 1902 790 1989 ἐμοὶ
814 1906 926 1981 δοκεῖς
951 1902 1070 1989 λέγειν.
1109 1902 1197 1973 Ἀλλ’

227 2007 276 2072 ἔτι
293 2003 396 2071 τοῦτο’
419 2030 476 2091 μοι
493 2003 583 2071 είπέ·
608 2011 699 2082 τίνες
717 2003 806 2072 είσίν
824 1993 921 2101 οὗτοι
944 2007 980 2072 οί
1000 2005 1200 2095 δοκοῦντες,

227 2105 361 2171 ἐκεῖθεν
379 2101 446 2170 άπὸ
464 2106 526 2172 τοῦ
545 2103 676 2192 βουνοῦ
696 2109 986 2192 παραχίχνεσθαις
1005 2106 1063 2174 καὶ
1082 2111 1119 2174 οί
1132 2106 1200 2194 μὲν
1286 2141 1287 2178 ι

225 2202 356 2292 αὐτῶν,
365 2207 645 2294 ἐστεφανωμένοι,
653 2211 798 2294 ἔμφασιν
806 2206 962 2275 ποιοῦσιν
976 2204 1199 2296 εὐφροσύνης

224 2305 331 2386 τινός·
352 2309 388 2376 οί
403 2306 453 2396 δὲ,
472 2305 716 2398 ἀστεφάνωτοι,
735 2306 845 2396 λάπης
863 2308 921 2376 καὶ
939 2311 1100 2396 ταραχῆς·
1138 2312 1199 2378 καὶ

193 2422 209 2472 2
226 2405 287 2488 τάς
305 2408 435 2496 κνήμας
453 2412 512 2478 καὶ
525 2409 585 2489 τάς
598 2408 749 2496 κεφαλάς
764 2410 903 2478 δοκοῦσι
919 2420 1111 2498 τετρῖφθαι,
1130 2435 1197 2480 κα-

223 2505 377 2595 τέχουται
394 2509 433 2580 δὲ
450 2508 519 2578 άπὸ
537 2512 711 2597 γυναικῶν
728 2537 838 2580 τινων.

303 2622 346 2682 Π.
370 2616 417 2682 Ol
437 2611 500 2702 μὲν
526 2613 808 2701 ἐστεφανωμένοι,
839 2617 876 2681 οί
897 2612 1101 2699 σεσωσμένοι
1125 2615 1197 2682 εἰσὶ

225 2712 311 2799 πρὸς
330 2714 392 2801 τὴν
413 2721 593 2804 Παιδείαν,
616 2714 674 2783 καὶ
697 2712 953 2804 εὐφραίνονται,
976 2713 1198 2802 τετυχηκότες

190 2811 339 2900 3αάτῆς.
384 2819 420 2883 oc
442 2815 481 2885 δέ
506 2815 757 2905 άστεφάυωτοι,
781 2819 818 2885 ol
837 2814 912 2904 μὲν,
943 2814 1201 2903 άπεχυωσμέυοι
1284 2857 1285 2880 ι

224 3001 339 3070 πάντως
357 3010 449 3070 καλῶς
467 3012 536 3064 Pbd.
553 3039 586 3048 —
604 3003 655 3066 τὸν
675 3007 776 3080 ίατρόυ
793 3012 878 3068 Pbed.
895 3011 929 3065 V.
947 3011 1004 3064 τῶν
1028 3007 1134 3076 ίατράν
1157 3011 1199 3064 Μ.

223 3111 257 3119 -
276 3072 307 3130 ot
323 3069 483 3144 κάμνοντες
509 3073 560 3131 δία
589 3073 625 3135 οἱ,
634 3071 794 3146 πάσχοντες
812 3079 896 3153 Ροαᾶ.
913 3079 947 3132 V.
984 3083 1008 3133 2.
1027 3071 1125 3158 ράκέτι
1143 3079 1199 3132 M.=

225 3137 278 3198 οάκ
297 3140 339 3198 ἔτι
357 3146 444 3202 Pbod,
462 3146 496 3199 V.
508 3173 542 3184 —-
560 3143 596 3214 νὴ
616 3146 674 3200 Δία
693 3147 769 3212 conj.
787 3147 971 3213 Schweigh.e
990 3145 1048 3211 διο,
1067 3146 1141 3211 quod
1158 3145 1198 3199 M.
1283 3143 1284 3188 l

223 3213 320 3332 habe}
361 3217 385 3271 3.
405 3204 493 3334 ρῦτω]
519 3213 590 3280 conj.
614 3215 766 3280 Schweigh.
790 3214 852 3267 cdd.
875 3231 910 3268 m.
933 3230 1027 3267 omnes
1049 3212 1134 3266 τοῦτο
1158 3215 1198 3272 cf.

224 3297 284 3335 var.
315 3287 370 3336 eet.
388 3300 405 3334 ο
441 3285 474 3336 37
505 3286 528 3340 l.

293 3349 405 3405 XXVII.
426 3345 455 3403 οί
471 3321 527 3420 δέν
546 3341 644 3404 αὐτῶν
662 3352 699 3402 Μ.
718 3350 764 3401 Ρο.
783 3351 830 3405 V.:
849 3342 879 3400 οἱ
895 3341 948 3416 μδν
967 3349 1036 3401 Pbd.
1049 3374 1082 3384 —
1102 3339 1197 3413 λάπης

224 3413 275 3467 καὶ
294 3415 422 3498 ταραχῆς
444 3419 495 3474 Ma
519 3413 549 3471 οἱ
569 3413 624 3485 μὲν
648 3409 866 3486 άπεχνωσμένοι
889 3415 974 3468 Pbod.
997 3418 1030 3468 V.
1050 3417 1087 3467 cf.
1106 3417 1148 3478 27,
1169 3419 1196 3469 3.
1282 3419 1283 3456 ί

226 3477 255 3535 οἱ
272 3477 306 3562 δὲ
325 3477 535 3552 αστεφάνωτοι,
555 3481 586 3539 οἱ
595 3481 649 3555 μὲν
668 3477 895 3564 άπεχνωρμένοι.
915 3511 949 3521 -
967 3477 1139 3549 κατέχονται
1158 3477 1195 3536 δέ

224 3546 283 3603 ὑπο
301 3552 338 3607 Μ.
357 3552 404 3604 V.=
422 3548 595 3619 κατέχονται
614 3547 648 3605 δὲ
666 3551 717 3605 καὶ
735 3545 792 3605 δπο
810 3551 895 3604 Pbcd.
