2606 4040
577 223 789 289 -34..

198 366 347 455 ἄγνοιαν.
373 365 538 453 ἀγνοοῦσι
560 364 640 455 γαρ,
663 364 714 434 ὅτι
738 365 778 434 ου’
809 373 961 453 γίγνεται
986 369 1024 436 ἐκ
1047 371 1170 437 κακῶν

165 488 180 534 3
199 469 342 556 ἀγαθόν.
371 471 521 536 πλοῦτον
535 468 576 535 δέ
588 471 656 536 ἐστι
670 466 820 547 πολλοὺς
833 469 1064 558 κτησαμένους
1076 474 1170 539 ἰδεῖν

200 574 236 640 ἐκ
266 575 382 640 κακῶν
413 571 470 639 καὶ
494 573 648 656 αἰσχρῶν
672 576 793 659 ἔργων,
821 564 896 638 οἷον
920 570 1008 656 λέγω
1034 573 1071 640 ἐκ
1102 575 1168 640 τοῦ

199 673 415 763 προδιδόναι,
445 674 502 740 καὶ
530 677 717 760 ῖηῖζεσῖιαι,
747 672 804 740 καὶ
830 670 1077 762 οἶνδροφονεῖν,
1108 675 1169 741 καὶ

199 788 440 864 συκοφαντεῖν,
458 775 515 842 καὶ
535 770 747 864 ἀποστερεῖν,
764 776 821 842 καὶ
842 775 875 855 ἐξ
896 771 1010 843 ἄλλων
1031 778 1171 844 πολλῶν

198 879 255 946 καὶ
273 878 464 967 μοχθηρῶν.

277 984 313 1059 Ξ.
331 976 426 1050 ’Ἐστι
438 981 555 1046 ταῦτα.
1011 1018 1014 1022 ·

273 1074 377 1150 XLI.
405 1089 448 1150 Π.
477 1085 522 1150 Εἰ
537 1085 659 1150 τοίνυν
675 1085 827 1166 γίγνεται
845 1082 883 1149 ἐκ
899 1081 1006 1148 κακοῦ
1032 1077 1170 1167 ἀγαθὸν

198 1180 317 1271 μηδὲν,
337 1178 450 1271 ῶσπερ
468 1181 572 1270 εἰκός,
598 1184 745 1260 πλοῦτος
764 1181 802 1250 tt
819 1189 971 1268 γίγνεται
996 1183 1032 1250 ἐκ
1050 1184 1169 1250 κακῶν

168 1291 170 1296 ’
200 1289 321 1374 ἔργον,
339 1282 469 1372 ἀνάγκη
487 1283 532 1372 μὴ
551 1281 637 1352 εἶναι
654 1281 789 1370 ἀγαθὸν
806 1282 867 1352 τὸν
885 1286 1044 1354 πλοῦτον.

276 1390 312 1465 Ξ.
342 1392 533 1474 Συμβαῖνει
551 1383 660 1466 οὕτως
680 1387 716 1454 ἐκ
733 1385 858 1454 κου’του
876 1389 937 1454 τοῦ
956 1385 1070 1471 λόγου.

165 1519 180 1568 2
277 1497 321 1558 Π.
337 1485 431 1558 Ἀλλ’
451 1486 534 1558 οὐδὲ
549 1488 589 1557 τὸ
603 1503 745 1577 φρονεῖν
755 1513 797 1576 ’γε
817 1484 900 1556 οὐδὲ
914 1491 1169 1576 δικαιοπραγεῖν

199 1587 262 1658 οὐκ
287 1596 356 1658 ἔστι
378 1589 565 1676 κτήσασθαι
592 1592 628 1659 ἐκ
652 1592 767 1658 κακῶν
794 1595 920 1678 ἔργων·
949 1587 1108 1669 ῶςαυτως
1127 1589 1169 1657 δὲ

165 1772 169 1775 ,
200 1687 283 1759 οὐδὲ
295 1689 333 1758 τὸ
348 1688 478 1760 ἀδικεῖν
492 1693 549 1760 καὶ
562 1689 742 1781 αφρονεῖν,
762 1694 798 1760 ἐκ
807 1693 922 1760 καλῶν
935 1696 1063 1780 ἔργων’
1083 1689 1169 1759 οὐδὲ

166 1790 364 1883 3ι5ιτῶρχειν
388 1790 457 1881 ἅμα
480 1798 527 1886 τῷ
555 1791 648 1884 αὐτῷ
674 1793 827 1862 δυύαται.
870 1795 1021 1862 πλοῦτον
1039 1791 1090 1880 δὲ,
1106 1793 1165 1860 καὶ

200 1895 318 1983 δόξαν,
336 1896 394 1964 καὶ
407 1894 445 1964 τὸ
459 1899 571 1983 νικῶν,
587 1897 645 1964 καὶ
663 1896 704 1964 τὰ
718 1895 819 1964 λοιποὶ
832 1892 895 1964 ὅσα
908 1895 1040 1974 τούτοις
1054 1919 1161 1983 καρα-

201 1997 337 2086 τιλήσια,
352 1995 457 2066 οὐδὲν
470 1997 594 2066 κωλύει
608 1994 772 2086 υἰτῶρχειν
784 1998 852 2065 τινὶ
866 1994 935 2084 ἅμα
949 1995 1031 2084 μετὰ
1045 2003 1166 2074 κακίας

200 2101 337 2184 πολλῆς.
375 2095 460 2166 ῶστε
478 2123 543 2166 ουκ
561 2124 604 2165 αν
622 2107 672 2186 εἴη
690 2101 799 2167 ταῦτα
816 2097 943 2186 ἄγαθα,
967 2096 1051 2168 οὐδὲ
1068 2096 1164 2166 κακα·

202 2197 288 2268 ἄλλα
319 2196 357 2266 τὸ
390 2214 533 2290 φρονεῖν
562 2198 670 2288 μόνον
694 2197 843 2334 ιἰγαῖῖὸν,
873 2199 909 2268 τὸ
940 2197 1020 2268 δὲ’
1002 2213 1166 2289 αφρονεῖν

200 2300 316 2370 κακόν.
373 2325 378 2332 ’
482 2343 486 2352 =
772 2329 780 2334 ·
1134 2329 1136 2334 ·

165 2433 183 2481 4
275 2401 414 2482 Ἱκανῶς
431 2430 487 2492 μοι
504 2407 616 2484 δοκεῖς
634 2403 756 2492 λέγειν,
777 2409 871 2491 ὲφην.

201 2615 272 2666 quaa
299 2615 400 2668 graeca
428 2605 524 2652 extant
551 2599 628 2655 codd.
655 2600 724 2651 Pbd.
752 2601 892 2666 othbent,
922 2615 975 2651 noo
1001 2601 1115 2651 deerant
1137 2599 1167 2650 in

201 2669 298 2720 codice
316 2671 350 2724 U.

268 2738 340 2788 XLI.
360 2739 383 2792 3.
403 2735 441 2788 τῶ
460 2731 538 2806 αυτῶ
556 2733 628 2800 oonJ'.
648 2735 815 2804 sothweigh..
837 2727 872 2787 τῶ
896 2725 972 2788 αὐτῶ
988 2735 1058 2787 Pbd.
1077 2735 1110 2786 0.
1129 2735 1165 2785 cf.

199 2807 276 2866 433.
311 2809 335 2856 3
355 2821 416 2870 αμα
434 2805 506 2869 conj
521 2789 683 2886 Schweigh.
702 2805 892 2857 eonsentronta
904 2802 1013 2854 Odaxno
1024 2807 1167 2855 vertente

201 2872 287 2922 multa
307 2889 367 2924 oum
384 2873 538 2938 pravitate:
558 2864 632 2924 ῶῖῖιὶ
654 2873 780 2923 Pbd.-·
803 2870 849 2938 εἴη
868 2872 1014 2922 Diibnerns
1033 2872 1166 2922 οοιιειιί3ι

200 2927 305 3006 ¹rind.
324 2942 360 2994 of.
388 2943 431 3006 37,
450 2943 474 2994 l.
492 2941 533 2996 38,
559 2943 582 2990 l.
627 2941 707 2990 Finis
730 2955 828 3006 graece
850 2955 904 2990 non
923 2943 1009 2990 extat.
1036 2939 1168 2988 Latinam

201 3007 355 3058 versionem
381 3007 559 3072 paraphrasis
582 3007 720 3058 Arabicae
746 3009 780 3058 ab
801 3005 985 3058 Eliohmanno
1011 3007 1167 3058 confectam

200 3075 339 3125 nonnullis
357 3075 427 3125 loeis
446 3078 611 3126 commutare
630 3075 718 3126 visam
744 3078 787 3124 ost
808 3090 850 3140 ea,
878 3091 949 3140 quae
973 3075 1007 3125 ab
1031 3089 1166 3136 anonymo

202 3142 318 3194 editioni
329 3141 484 3194 Mairianao
503 3142 636 3194 Sneoanis
653 3143 727 3194 notis
744 3142 898 3194 instructas
916 3141 1052 3207 adjuncta
1070 3146 1121 3193 ast

566 3399 801 3408 ---.-.—.-.—-=
