2606 4040
507 246 698 310 ..5-

193 393 230 468 Ξ.
259 385 345 458 Εἶτα
362 394 399 456 τί
414 387 555 477 πράττει
573 386 676 477 αὕτη,

194 500 238 560 Π.
264 489 352 569 Τους
373 491 675 580 ελςπορευομένους
694 497 743 570 ελς
774 490 836 561 τὸν
860 499 939 581 βίον
961 500 1085 577 ποτίζει

112 593 179 682 τὴν
199 593 319 678 ἑαυτῆς
338 590 495 680 δύναμιν.

193 697 229 774 Ξ.
263 694 372 764 Τοῦτο
389 693 428 763 δὲ
444 700 481 763 τί
498 696 567 764 ἐστι
584 692 622 763 τὸ
641 693 766 779 ποτόν,
1103 717 1119 764 3

195 805 236 865 Π.
257 792 401 885 πλάνος,
420 801 498 884 ἔφη,
515 796 574 864 καὶ
591 795 720 882 άγνοια.

194 902 231 976 Ξ.
253 894 338 968 Εἶτα
355 905 392 967 τί
401 927 410 982 3

194 1008 237 1069 11.
258 997 401 1080 Πιόντες
418 1003 533 1088 τοῦτο,
551 998 755 1091 πορεάονται
772 1005 821 1080 εἰς
838 999 900 1070 τὸν
917 1008 1007 1088 βίον.

193 1106 241 1181 Ξ.
258 1101 413 1191 Πότερον
442 1091 507 1171 οάν
532 1100 655 1181 πάντες
687 1109 826 1171 πίνουσι
848 1102 909 1172 τόν
941 1103 1086 1192 πλάνον,

115 1199 221 1290 ἣοῧε

193 1298 259 1374 Ἦ.
295 1316 339 1376 Π.
373 1304 506 1385 Πάντες
543 1312 717 1394 πίνουσιν,
756 1310 830 1394 ἔφη·
856 1301 927 1374 ἀλλ’
961 1309 997 1373 οἱ
1023 1303 1086 1392 μὲν

115 1414 248 1494 πλεῖον,
267 1412 302 1476 ολ
318 1407 357 1477 δὲ
370 1399 479 1496 ἧττον.
496 1405 569 1478 Ἔτι
587 1407 625 1476 δὲ
642 1406 706 1493 οὐχ
724 1404 808 1496 ὁρᾷς
825 1411 925 1476 ἔνδον
943 1408 1002 1495 τῆς
1017 1405 1087 1474 πά-

115 1517 178 1598 λης
196 1508 328 1596 πλῆθός
344 1536 376 1578 τι
398 1510 574 1598 γυναικῶν
593 1511 747 1599 ἑταιρῶν,
764 1508 985 1589 παντοδαπάς
1002 1534 1087 1597 μορ-

116 1610 187 1698 φάς
207 1613 376 1697 ε’χουσῶν;

194 1718 231 1792 Ξ.
257 1713 353 1802 Ὁρά.

195 1824 238 1884 Π.
258 1806 370 1885 Αὖται
390 1821 525 1902 τοίνυν,
549 1812 677 1903 Δόξαι,
700 1814 758 1882 καὶ
781 1812 998 1901 Ἐπνθυμίαι,
1030 1814 1122 1881 καὶν

113 1915 254 1986 Ἡδοναλ
272 1921 465 1986 καλοῦνται.
483 1913 590 1986 Ὅταν
609 1906 673 2002 οὖν
692 1915 926 2004 ελςπορεάιγται
943 1914 961 1983 ὁ
976 1913 1088 2004 ὄχλος,

116 2014 338 2106 άναπηὸὤσιν
356 2010 470 2105 αὗται,
486 2019 545 2086 καλ
560 2018 816 2109 περιπλέκονται
833 2016 919 2109 πρὸς
934 2020 1089 2106 ἕκαστον,

118 2116 193 2187 εἶτα
211 2118 390 2206 άπάγουσι.

197 2226 233 2301 Ξ.
262 2233 334 2293 Ποῖ
349 2220 387 2290 δὲ
405 2218 596 2307 άπάγουσιν
615 2218 761 2303 αὐτοάς;

196 2333 239 2393 Π.
259 2329 309 2394 Ac
331 2322 395 2411 μὲν
421 2329 469 2402 εἰς
493 2321 531 2390 τὸ
551 2320 726 2411 σώζεσθαι,
758 2327 831 2410 ἔφη·
858 2327 898 2392 αἱ
917 2321 956 2391 δὲ
980 2328 1030 2402 εἰς
1052 2321 1090 2392 τὸ

116 2423 337 2494 ἀπόλλυσθαι
354 2424 410 2494 διά
428 2423 491 2513 τὴν
509 2422 652 2511 ἀπάτην.

195 2531 232 2605 Ξ.
252 2519 296 2596 Ὦ
313 2526 483 2615 δαιμόνιε,
502 2524 548 2606 ὥς
566 2524 714 2612 χαλεπὸν
731 2523 770 2593 τὸ
789 2524 882 2614 πόμα
899 2527 1016 2612 λέγεις.
1146 2595 1152 2602 ,

197 2638 241 2698 Π.
259 2629 329 2698 Καὶ
347 2631 458 2697 πᾶσαί
471 2655 523 2716 γε,
539 2633 616 2716 ἔφη,
632 2627 897 2714 ἐπαγγέλλονται
916 2625 963 2706 ὥς
979 2627 1034 2696 ἐπὶ
1048 2626 1088 2692 τά
1109 2645 1125 2694 3

118 2729 278 2817 βέλτιστα
296 2727 448 2820 άξουσαι,
464 2731 524 2798 καλ
544 2735 594 2810 εἰς
615 2736 695 2817 βίον
712 2728 901 2816 εὐδαίμονα
917 2729 976 2798 καλ
994 2737 1092 2797 λυσι-

117 2831 209 2916 τελῆ.
246 2836 281 2899 ολ
298 2831 336 2900 δὲ
349 2832 405 2902 διὰ
422 2831 485 2919 τὴν
506 2829 648 2918 άγνοιαν
666 2828 799 2898 καὶτὸν
813 2831 958 2920 πλάνον,
977 2826 1016 2900 ὃν
1031 2854 1092 2899 πε-

118 3024 204 3079 τοντί
219 3027 256 3077 Μ.
276 3027 313 3079 ολ.
332 3032 357 3093 3,
376 3032 401 3081 1.
420 3057 453 3068 -
470 3021 581 3089 πλάνος
593 3029 706 3080 M.Pu.:
723 3018 820 3094 πλάνη
832 3027 919 3080 Pbcd.
937 3029 969 3080 V.
983 3029 1019 3078 ef.
1032 3029 1056 3091 5,
1066 3029 1091 3078 3.

119 3097 145 3158 6,
162 3097 187 3147 3.
208 3096 250 3162 19,
270 3099 295 3149 ὅ.
314 3098 357 3164 2³,
378 3100 401 3151 1.
420 3101 462 3163 λδ,
481 3101 508 3152 2.
526 3097 624 3164 quibus
641 3097 713 3148 loeis
732 3096 822 3148 forma
838 3086 949 3155 πλάνος
966 3095 1092 3147 omnibus

118 3177 257 3216 manuscr.
282 3166 522 3218 consentientibus
545 3165 675 3228 occurrit,
699 3179 762 3215 cum
788 3158 883 3231 πλάνη
906 3179 1041 3229 nusquam
1064 3164 1094 3212 in

118 3230 177 3296 pin.
194 3232 364 3284 inveniatur.

187 3299 235 3350 VI.
258 3296 483 3368 περιπλέκονται
512 3293 585 3365 πρὸς
613 3293 734 3350 ἕκαστον
761 3299 810 3349 M.:
838 3293 995 3351 πλέκονται
1021 3289 1093 3363 πρὸς

120 3359 243 3418 ’ἕκαστον
254 3369 287 3419 Ρ.
298 3365 512 3435 συμπλέκονται
523 3360 596 3435 πρὸς
609 3361 732 3418 ἕκαστον
743 3367 777 3418 V.
790 3367 884 3418 nescio
897 3382 989 3418 annon
1002 3382 1094 3417 smen-

120 3433 241 3486 dandum
263 3437 301 3487 sit
323 3434 538 3503 συμπλέκονται
556 3425 675 3502 ἑκάστῳ.
697 3434 734 3488 ef.
754 3436 780 3500 9,
799 3437 823 3485 2.
846 3437 900 3486 ποῖ
915 3435 953 3489 Μ.
972 3435 1017 3487 V.:
1036 3433 1094 3485 ποῦ

117 3501 148 3556 Ρ,
168 3516 270 3564 omnes,
294 3508 325 3554 ut
341 3505 462 3558 videtur.
502 3507 527 3559 3.
547 3493 672 3567 άξουσαι
695 3501 728 3552 Ρ.
747 3501 794 3553 V.=
818 3495 921 3568 ἥξουσι
937 3503 975 3554 Μ.
1000 3529 1032 3540 -
1051 3497 1094 3561 εἰς

118 3567 185 3635 βίον
204 3561 367 3636 εὐδαίμονα
384 3573 416 3627 Ρ,
429 3573 476 3626 V.:
495 3566 525 3633 ἒς
543 3570 608 3638 βίον
626 3561 715 3623 άλλον
734 3563 896 3637 εὐδαίμονα
913 3572 950 3622 Μ.
965 3571 1053 3622 forma
1066 3561 1094 3628 ἐς
