2606 4040
515 221 730 286 ..25-

137 368 196 436 καὶ
214 367 353 455 βέβαιον
370 364 476 452 μηδὲν
495 363 677 452 πιστεύειν,
695 363 780 452 μηδὲ
798 362 948 454 ἀσφαλὲς
975 371 1073 454 ἔχειν,
1092 363 1110 434 ἵ

137 495 170 536 τι
193 463 235 536 ἀν
254 465 329 555 παρ’
350 465 456 554 αὐτῆς
480 465 568 584 λάβη
594 492 656 553 τις,
680 464 764 553 μηδὲ·
783 463 829 546 ἀς
855 471 925 534 ίὸια
942 465 1108 568 ἡγεῖσθαι.

139 568 302 638 οὐδὲν
262 595 328 658 γαρ
342 567 478 655 κωλύει,
497 569 605 637 ταῦτα
623 565 726 636 πάλιν
742 566 941 657 ἀφελέσθαι,
958 571 1016 636 καὶ
1036 561 1108 638 ἑτέ
1126 581 1143 629 2

138 697 189 763 ρῳ
206 673 338 739 δοῦναι·
381 668 542 749 πολλάκις
566 666 632 758 γάρ
651 673 753 737 τοῦτο
777 677 878 738 εἴωθε
896 685 1014 738 ποιεῖν.
1050 671 1109 739 καὶ

138 773 194 841 διὰ
218 772 347 860 ταύτην
371 762 435 839 ούν
458 770 522 858 τὴν
545 777 661 840 αίτίαν
685 769 814 839 κελεύει
838 769 923 861 πρὸς
946 797 1007 852 τας
1032 769 1106 861 παρ’

139 871 246 961 αύτης
265 871 414 952 θύσας’
394 871 580 961 αηττήτους
598 879 790 959 γίγνεσθαι,
808 872 926 940 καῖ’
880 899 961 960 μητε
979 881 1109 962 χαίρειν

138 999 221 1042 οταν
248 978 345 1065 διδῷ,
368 975 450 1061 μήτε
468 970 660 1062 ἀθυμεῖν
641 998 724 1043 οταν
745 971 921 1061 ἀφέληται,
944 975 1003 1044 καὶ
1027 975 1109 1062 μήτε

137 1077 255 1163 ψέγειν
273 1073 395 1164 αὐτὴν,
413 1074 495 1164 μήτε
514 1077 674 1143 ἐπαινεῖν.
711 1073 875 1143 οὐδὲν
833 1101 903 1200 γαρ
921 1091 1011 1144 ποιεῖ
1025 1101 1108 1164 μετα
1125 1105 1142 1154 3

138 1179 317 1265 λογισμοῦ,
340 1175 410 1244 ἀλλ’
437 1180 523 1264 είκῆ,
548 1173 658 1245 καί
632 1203 679 1255 ως
700 1181 816 1299 ἔτυχε,
845 1176 969 1265 ιτάντα,
996 1175 1107 1269 ὥσπερ

139 1277 305 1367 πρότερον
323 1275 410 1403 μμῖν
434 1279 537 1359 ἔλεξα.
574 1278 630 1345 δια
654 1279 756 1346 τοῦτο
774 1268 839 1345 οὖν
862 1278 901 1346 τὸ
921 1277 1109 1366 Δαιμόνιον

139 1379 270 1448 κελεύει
292 1379 337 1468 μὴ
359 1376 600 1467 θαυμάζειν,“
580 1405 600 1446 ο
623 1404 655 1445 τι
677 1375 721 1446 ἀν
744 1379 874 1469 κράττη
901 1377 999 1468 αὕτη,
1022 1379 1108 1469 μηδὲ

139 1489 320 1568 γίγνεσθαι
337 1478 479 1569 ὁμοίους
496 1495 568 1559 τοῖς
585 1494 703 1560 κακοῖς
716 1485 931 1569 τραπεζίταις.
967 1483 1025 1550 καί
1043 1481 1108 1569 γὰρ
1125 1499 1144 1550 4

141 1585 275 1670 ἐκεῖνοι,
293 1580 374 1650 ὅταν
391 1579 455 1670 μὲν
473 1581 601 1670 λάβωσι
618 1582 655 1649 τὸ
667 1580 834 1672 ἀργύριον
853 1582 944 1671 παρὰ
961 1585 1031 1651 τῶν
1044 1582 1110 1651 ἀν·

140 1682 306 1772 θρωπων,
323 1691 493 1775 χαίρουσι,
506 1686 564 1753 καὶ
584 1687 672 1752 ἴδιον
689 1689 885 1770 νομίζουσιν
904 1682 999 1752 εἶναι.
1028 1681 1110 1753 ὅταν

139 1784 214 1854 δὲ’
196 1788 413 1873 αιιαιτῶνται,
437 1784 680 1872 ἀγανακτοῦσι,
703 1785 761 1852 καὶ
785 1786 879 1852 δεινα
899 1795 1027 1854 οἴονται
1045 1810 1109 1854 πο-

140 1887 320 1955 ιτονθὲυαι·
340 1885 380 1955 οὐ
397 1886 680 2009 μνημονεύοντες,
703 1911 754 1953 οτι
773 1887 828 1954 ἐπὶ
851 1886 962 1978 τούτῳ
987 1892 1110 1975 ἔλαβον

139 1988 181 2056 τὰ
198 1989 343 2077 θέματα,
362 1986 445 2080 ἐφ’
433 2015 460 2054 ω
446 1977 583 2057 οὐδὲν
601 1987 746 2058 κωλύειν
763 1986 824 2060 τὸν
842 1956 989 2077 θεμεύον
1007 1988 1109 2057 κάλιν

143 2096 357 2177 κομίσασθαι.
396 2087 557 2170 ὡσαύτως
575 2097 696 2160 τοίνυν
713 2089 841 2159 κελεύει
860 2089 998 2176 ἔχειν
963 2117 1002 2158 το
1022 2100 1109 2160 Δαι-
1126 2106 1143 2156 ο

139 2190 258 2279 μόνιον
275 2192 333 2259 καὶ
351 2191 437 2280 πρὸς
455 2190 517 2278 την
542 2214 610 2280 καρ
608 2189 746 2278 ἀὐτῆς
764 2191 878 2260 δόσιν·
903 2193 961 2260 καὶ
977 2218 1108 2280 μνημο-

136 2293 265 2380 νεύειν,
283 2289 334 2361 ὅτι
349 2291 510 2380 τοιαύτην
529 2297 594 2380 ἔχει
607 2291 713 2379 φύσιν
729 2289 750 2378 ἡ
769 2291 877 2381 Τύχη,
896 2291 992 2382 ὥστε,
1010 2289 1031 2360 ἀ
1050 2293 1108 2361 δέ·

207 2521 309 2576 XXXI.
337 2519 388 2574 καὶ
417 2515 537 2604 βέβαιον
567 2517 659 2589 μηδὲν
689 2536 840 2574 πιστενειν
875 2518 956 2604 μηδὲ
982 2512 1110 2601 ἀσφαλὲς

141 2583 220 2709 ἔχειν
238 2590 276 2640 Μ.
294 2592 344 2644 Ρο.
357 2590 405 2640 V:
424 2586 474 2641 καὶ
493 2583 612 2657 βεβαιον
631 2585 725 2656 μηδεν
737 2588 866 2656 νομίζειν
885 2585 961 2656 μηδι
980 2580 1111 2657 ἀσφαλες

155 2673 221 2724 χειν
244 2658 313 2709 Pbd.
336 2658 411 2720 huie,
435 2657 535 2722 inquit,
559 2658 678 2723 imperat
700 2673 755 2708 non
779 2673 840 2708 εεεε
864 2658 1038 2718 cr,edendum
1057 2674 1110 2709 nec

139 2740 300 2844 333...)
304 2724 702 2844 ²ss{.⁸²zh';¹.?..3¹¹.‘.‡5.⁰.¹.2;?.
715 2725 1111 2871 333.35.⁰¹.'1‡12”3..⁰.¹¹”¹3⁰.55²

140 2876 184 2919 τις
202 2861 241 2911 Μ.
253 2862 302 2912 Μ.ι
321 2851 396 2926 λάβη
414 2860 480 2910 Pbe.
501 2849 701 2940 λάβοιΡᾶμ-
718 2862 743 2910 2.
764 2855 870 2911 δοῦναι
888 2859 970 2914 Pbd.:
972 2810 1111 2912 σισύνύά

142 2929 180 2979 Μ.
198 2925 248 2976 Ρο.
267 2927 351 2976 Μ.-
317 2918 479 3004 -ταύτην
499 2914 552 2978 οὖν
570 2918 624 2992 τήν
642 2927 680 3005 Μ,
699 2927 747 2978 Ρο.
765 2927 812 2981 V:
832 2918 942 2992 ταύτην
965 2919 1021 2993 τήν
1039 2928 1109 2978 Pbd.

139 3021 173 3031 -
190 2985 246 3073 τὰς
261 2983 327 3072 παρ’
347 2985 465 3078 αὐτῆς
458 2994 497 3044 Μ.
515 2994 597 3045 Pbd..
622 2986 675 3054 τὰς
693 2985 813 3076 ἑαυτῆς
823 2995 870 3046 Ρο.
894 2995 927 3044 V.
946 2995 1089 3046 Wolfius'
1081 3012 1111 3046 m

141 3077 191 3112 ora
210 3052 359 3127 αὐτῆς.-
372 3053 534 3128 ἀηττήτους
552 3061 667 3114 Wolfius
687 3061 774 3128 conj..
793 3079 898 3128 ηττους
916 3063 965 3113 Ρο.
979 3063 1011 3113 V.
1031 3061 1120 3122 ἴσους·

141 3129 209 3181 Pbd.
229 3130 303 3195 quod
322 3130 433 3195 glossae
452 3130 577 3181 debetur.
614 3118 689 3196 ἥττω
706 3129 743 3180 Μ.
763 3135 828 3196 post
845 3129 1028 3197 γίγνεσθαι
1019 3131 1110 3182 1nPb

141 3197 198 3247 alia
216 3198 310 3264 glossa
327 3198 478 3278 irrepsit:
475 3188 539 3278 ολόγ
557 3212 616 3278 πως
636 3196 703 3257 ἴσως
715 3194 881 3278 γίγνεσθαι.
901 3198 938 3252 οῖ.
950 3198 1054 3274 Epict.
1058 3198 1111 3247 dis-

139 3266 204 3314 sert.
223 3267 302 3346 1,,18,
320 3267 363 3346 21,
380 3263 425 3325 τίς
444 3249 497 3316 οὖν
514 3257 529 3316 ὁ
549 3255 705 3330 ἀήττητος;
725 3281 763 3316 ον
783 3256 836 3317 ούιι
856 3258 1000 3330 ἐξίστησιν
1021 3253 1109 3317 οὐδὲν

139 3327 202 3382 τῶν
210 3326 428 3411 ἀπροαιρέτων,
464 3336 489 3384 3.
513 3349 624 3401 κραττη
647 3333 696 3383 Ρο.
714 3333 763 3384 Μ..
781 3323 905 3398 πράττοι
922 3332 961 3386 M.
978 3332 1049 3386 Pbd
1085 3336 1109 3387 4.

140 3391 264 3452 κωλύειν
283 3401 329 3456 Μ.
348 3392 454 3452 κωλύει
471 3401 510 3450 Μ.
522 3399 610 3452 Pbcd.
627 3398 794 3450 infinitivum
817 3400 890 3450 ratio
907 3415 994 3466 gram.
1012 3401 1110 3467 utique

138 3467 274 3546 postuJat9
293 3483 319 3520 v.
338 3468 397 3518 Krii
418 3485 449 3519 er
466 3469 509 3533 55,
528 3471 555 3534 3,
573 3471 598 3518 6.
633 3458 785 3519 5.κελεύει
804 3461 881 3534 ἔχειν
899 3469 936 3522 Μ.
956 3468 1003 3520 Ρο.
1017 3470 1109 3521 Μ.οι

138 3527 282 3602 κελεύειν,
303 3529 360 3602 ἔφη
379 3485 509 3590 Pffidf-
519 3505 569 3588 κάλ
589 3526 784 3603 μνημονεύειν
802 3538 839 3588 M.
859 3537 907 3588 Pe.
926 3535 1019 3589 Μ..ιο
1038 3551 1110 3603 μνη
