2606 4040
232 903 269 965 Et
291 903 510 984 profligavimus
532 920 597 963 eam
621 902 800 984 opinionem,
824 903 880 981 qua
903 899 951 962 illa'
975 920 991 962 a
1015 902 1116 979 pravis

151 989 317 1050 actionibus
340 1007 404 1050 esse
428 987 600 1050 creduntur.

233 1073 319 1134 XLll.
344 1073 452 1134 Senex.
476 1073 582 1152 Utique
598 1071 722 1131 multum
746 1071 802 1132 boo
819 1078 864 1130 est
886 1078 916 1131 et
931 1069 1011 1130 idem
1026 1076 1114 1148 atque

150 1157 233 1228 illud,
257 1157 338 1238 quod
361 1157 499 1226 diximus
525 1156 591 1218 talia
614 1174 712 1236 neque
735 1155 812 1216 bona
826 1172 925 1232 neque
947 1154 1022 1215 mala
1040 1173 1114 1223 esse,

150 1245 241 1323 idque
264 1262 299 1303 eo
328 1244 431 1320 magis,
454 1239 544 1322 quod,
568 1243 592 1303 si
617 1259 649 1302 ea
673 1260 709 1302 ex
732 1239 803 1302 solis
831 1237 998 1300 actionibus
1019 1239 1116 1318 pravis

149 1323 351 1410 provenirent,
383 1334 484 1388 essent
505 1326 581 1386 mala
603 1325 818 1386 tautummodo.
855 1324 913 1385 Sed
930 1323 967 1385 ab
989 1325 1149 1401 utroquo2

150 1430 262 1490 genere
298 1413 398 1473 omnia
427 1413 655 1492 proficiscuntur
683 1409 811 1488 ideoque
838 1409 964 1470 diximus
992 1426 1026 1468 ea
1060 1425 1116 1467 neo

150 1498 227 1558 nona
255 1515 319 1558 esso
342 1514 399 1558 neo
421 1496 506 1566 mala,
530 1498 617 1556 sicuti
640 1512 761 1556 somnus
789 1503 819 1556 et
840 1493 937 1572 vigilia
959 1511 1015 1554 neo
1037 1491 1115 1553 bona

151 1589 229 1650 sunt,
260 1600 316 1642 nec
345 1579 431 1644 mala.
475 1581 512 1641 Et
538 1580 684 1650 similiter,
713 1598 779 1641 mea
807 1579 927 1659 quidem
955 1579 1149 1652 sententias

150 1665 305 1728 ambulare
328 1675 357 1727 et
382 1665 486 1727 sedere
510 1664 677 1742 etreliqua,
701 1683 777 1744 quae
800 1661 940 1726 aoeidunt
954 1664 1115 1742 unicuique

152 1770 264 1820 eorum,
289 1753 339 1830 qui
362 1759 412 1811 aut
433 1749 633 1827 intelligentes
656 1756 735 1818 sunt,
759 1757 809 1810 aut
825 1751 1009 1826 ignorantes.
1033 1746 1115 1818 Quae

149 1843 249 1896 antem
279 1837 398 1916 propria
427 1842 496 1895 suut
524 1834 675 1904 alterutri,
707 1852 810 1895 eorum
838 1832 965 1894 alterum
992 1831 1113 1901 bonum,

151 1921 278 1981 alterum
294 1918 403 1981 malum
421 1927 479 1988 est;
502 1921 590 1981 sicuti
605 1920 739 1998 tyrannis
755 1927 785 1979 et
798 1917 921 1996 justitia,
945 1937 1021 1998 quae
1037 1916 1115 1976 duae

149 2023 198 2066 res
220 2004 359 2066 accidunt
380 2005 432 2064 nui
454 2011 504 2064 aut
520 2002 620 2072 alteri;
643 2003 734 2080 idque
751 2004 818 2082 quia
831 2001 946 2081 justitia
969 2010 1115 2084 perpetuo

149 2089 289 2150 adhaeret
315 2087 509 2168 intelligentia
532 2089 690 2169 praeditiS,
719 2095 748 2148 et
769 2087 903 2167 tyrannis
932 2086 1030 2148 nullos
1057 2085 1116 2146 nisi

150 2177 323 2254 ignorantes
351 2175 517 2234 comitatur.
563 2173 624 2233 Nee
647 2175 725 2233 enim
748 2173 813 2234 fieri
843 2179 948 2253 potest,
981 2172 1011 2231 id
1035 2170 1113 2248 qnod
1127 2186 1149 2234 ’4

146 2278 235 2338 supra
252 2259 387 2328 diximus
414 2268 447 2318 ul
462 2261 514 2318 uui
530 2257 685 2337 eidemque
707 2276 767 2318 uno
784 2256 946 2336 eodemque
969 2256 1114 2337 temporis

149 2351 298 2404 momento
327 2362 375 2404 res
397 2343 473 2403 duae
501 2342 537 2404 ad
560 2344 648 2404 istum
671 2341 793 2403 modum
816 2359 848 2402 se
869 2341 1014 2403 babentes
1037 2341 1113 2401 aeci-

148 2429 228 2508 dant,
255 2430 296 2489 ita
319 2435 352 2489 ut
374 2429 463 2489 bomo
486 2447 563 2489 nnus
586 2427 724 2508 idemque
757 2428 862 2488 eodem
885 2426 1027 2506 temporis
1049 2443 1113 2485 mo·

148 2521 248 2574 mento
277 2515 315 2574 sit
348 2514 499 2574 dormiens
526 2521 555 2574 et
584 2512 709 2590 vigilans
736 2521 826 2592 utque
860 2513 898 2572 sit
933 2511 1051 2592 sapiens
1086 2517 1115 2570 et

107 2625 110 2630 ·
148 2600 270 2674 ignarus
297 2597 401 2674 simul,
424 2605 475 2657 aut
502 2596 580 2658 aliud
609 2595 754 2676 quidlibet
776 2614 889 2666 eorum,
913 2613 989 2674 quae
1011 2611 1113 2674 parem

148 2685 294 2743 rationem
317 2681 440 2744 babent.

232 2767 355 2847 Hospes.
379 2766 422 2828 Ad
445 2765 520 2828 base
542 2782 611 2842 ego:
635 2765 709 2826 'loto
732 2765 798 2836 bon,
822 2766 950 2845 inquam,
974 2781 1113 2846 sermone

148 2869 212 2912 rem
236 2870 355 2912 omnem
376 2860 407 2912 te
427 2849 488 2930 jam
511 2851 670 2912 absolvisse
694 2858 823 2912 autumo.
1013 2902 1015 2907 .

231 2935 331 2996 XLlll.
356 2937 462 2997 Senex.
487 2935 566 2997 Haeo
589 2941 688 2997 autem
703 2936 812 3005 omnia,
837 2937 943 3015 inquit,
968 2949 1023 3012 ego
1046 2933 1113 2994 dico

147 3019 311 3101 procedere
335 3020 371 3082 ab
394 3019 446 3081 illo
468 3023 619 3100 principio
642 3038 711 3081 vere
734 3021 843 3082 divino.

231 3106 357 3186 Hospes.
387 3106 424 3166 m
451 3106 601 3185 quodnam
628 3105 701 3168 illud
736 3113 788 3176 est,
818 3106 947 3183 inquam,
977 3103 1057 3183 qnod
1081 3111 1113 3164 tu

147 3192 266 3252 innuis?

232 3275 338 3336 Senex.
372 3276 436 3337 Vita
460 3283 489 3337 et
511 3293 603 3345 mors
626 3274 731 3354 inquit,
758 3275 867 3336 sanitas
897 3280 927 3336 et
948 3272 1112 3352 aegritudo,
1132 3290 1147 3336 2

148 3357 268 3420 divitiae
292 3368 321 3420 et
343 3367 503 3440 paupertas
525 3377 560 3422 ae
576 3367 685 3429 cetera,
709 3375 785 3436 quae
800 3376 856 3420 neo
873 3358 949 3426 bona
966 3377 1021 3419 neo
1037 3358 1112 3419 mala

148 3462 212 3506 esse
235 3444 373 3524 diximus,
399 3445 536 3506 accidunt
557 3442 708 3524 plerisque
723 3443 894 3509 bominibus
916 3461 1008 3511 anon
1023 3442 1110 3505 malo.

231 3529 354 3610 Hospes.
384 3528 474 3592 Plane
504 3527 688 3609 conjicimus,
716 3531 850 3610 inquam,
882 3533 912 3595 id
942 3529 1112 3590 necessario

924 3638 959 3690 3*
