2606 4040
610 236 801 300 *6-

223 380 353 449 πύαασι
366 379 457 469 παρὰ
471 381 531 465 της
542 377 699 466 Ἀπάτης,
710 377 772 465 οὐχ
786 377 982 469 εὑρίσκουσι
994 388 1076 448 ποιά
1098 382 1197 450 ἐστὶν

221 480 242 566 ἡ
262 479 406 569 ἀληθινὴ
426 479 506 560 ὁδὸς
524 479 544 567 ἡ
570 483 608 550 έν
626 483 673 572 τῷ
691 488 771 572 βίῳ,
789 480 875 548 ἀλλὰ
894 484 1088 550 πλανῶνται
1106 484 1194 570 εἰκῆ·

222 581 331 672 ὥςπερ
350 581 432 673 ὁρᾷς
450 583 507 650 καὶ
525 582 607 662 τούς
625 582 790 672 πρότερον
809 584 1125 673 εἰσπορευομένους,
1146 583 1194 664 ὡς

146 757 149 763 ,
222 685 439 775 περιάγονται
458 681 536 774 [ὅπη
555 679 598 752 ἂν
617 674 716 753 αὗται
734 683 933 774 δεικνύωσι]

299 782 383 857 VH.
410 791 447 867 Ξ.
473 784 558 872 Ὁρῶ
573 787 730 873 τούτους,
745 792 840 875 ἔφην.
866 785 918 856 ‘H
927 786 965 856 δὲ
976 785 1064 874 γυνη
1080 789 1194 876 ἐκείνη

221 895 275 968 τίς
295 891 396 977 ἐστιν,
414 885 434 974 ἣ
455 885 565 975 ὥσπερ
588 889 701 976 rupti
721 886 792 975 [καὶ
808 887 1006 1014 μαινομένη]
1032 915 1080 968 τις
1106 886 1197 958 εἶναι

222 991 383 1078 δοκούσα,
400 991 495 1058 καὶ
478 1005 638 1077 εστηιιυϊα
652 992 708 1059 ε’πι
730 997 831 1059 λίθον
850 990 942 1070 τινὸς
957 989 1192 1077 στρογγύλου;

299 1101 343 1161 Π.
363 1100 525 1162 Καλειται
541 1089 617 1180 μὲν,
644 1097 720 1180 ἔφη,
752 1091 853 1180 Τύχη
880 1093 949 1162 ἐστὶ
967 1090 1064 1161 bi’
1024 1120 1064 1160 ου
1084 1091 1193 1200 μόνον

222 1195 348 1280 turpib,
366 1193 453 1262 ἀλλὰ
470 1195 528 1262 καὶ
546 1195 729 1282 μαινομένη
748 1194 805 1262 καὶ
823 1193 929 1282 κωφή.

188 1308 203 1356 2
298 1301 335 1374 Ξ.
364 1293 460 1383 Αύτη
479 1285 543 1364 οὖν
561 1320 594 1363 τι
589 1301 715 1384 ’ἔργον
734 1300 816 1380 έχει;

221 1462 229 1474 ,
298 1409 341 1467 Π.
362 1395 625 1488 Περιπορεύεται
649 1399 835 1484 πανταχοῦ,
865 1398 1020 1485 ἔφηκαὶ
1046 1400 1116 1485 παῤ
1144 1387 1193 1466 ὧν

220 1497 284 1585 μὲν
303 1498 440 1586 οὲρποὶζει
453 1499 494 1568 τοὶ
508 1497 721 1587 ύπύρχοντα,
735 1499 792 1566 καὶ
809 1499 933 1587 ἑτέροις
947 1503 1080 1566 δίδωσι·
1099 1499 1192 1590 παρὰ

221 1598 260 1668 δὲ
273 1603 342 1667 τῶν
352 1599 468 1669 αὐτῶν
477 1601 579 1668 πάλιν
593 1598 786 1688 ἀφαιρεῖται
798 1603 1000 1689 παραχρῆμα
1014 1595 1035 1666 ἃ
1050 1599 1192 1688 δέδωκε,

221 1701 278 1768 καὶ
303 1699 416 1781 ἄλλοις
441 1707 582 1772 δίδωσιν
600 1705 673 1788 εἰκῆ
698 1702 755 1770 καὶ
782 1699 960 1790 ἀβεβαίοις.
997 1700 1049 1770 bs
1075 1701 1133 1770 καὶ
1151 1703 1191 1770 τὸ

222 1818 360 1891 σημεῖον
378 1807 489 1886 καλῶς
506 1802 628 1892 μηνύει
645 1801 707 1891 τὴν
726 1803 831 1892 φύσιν
850 1801 964 1888 αὐτῆς.

189 1917 204 1965 3
299 1911 336 1985 Ξ.
366 1915 475 1976 Ποῖον
495 1908 616 1988 τοῦπος
637 1911 723 1993 ἔφην
743 1905 818 1991 ἔγιύ.

299 2005 426 2077 lifou
445 2009 500 2076 ἐπὶ
519 2006 735 2094 στρογγύλου
754 2013 857 2075 λίθου
877 2009 1023 2093 ἕστηκεν.

298 2113 334 2186 Ξ.
364 2107 450 2178 Εἶτα
466 2116 503 2179 τί
517 2110 619 2177 τοῦτο
638 2113 809 2196 σημαίνει;

299 2220 341 2280 Π.
352 2207 426 2278 Ὅτι
443 2210 507 2280 οὐκ
524 2208 692 2298 ἀσφαλὴς,
720 2208 801 2279 οὐδὲ
818 2216 939 2298 βεβαία
958 2209 1050 2277 ἐστὶν
1068 2205 1089 2295 ἡ
1108 2208 1189 2296 παρ’

220 2307 325 2397 αύτῆς
350 2311 451 2392 δύσις.
496 2311 676 2392 ἐκπτώσεις
702 2312 770 2400 γὰρ
791 2310 933 2398 μεγάλαι
956 2311 1013 2378 καὶ
1046 2311 1194 2400 σκληραὶ

220 2419 409 2501 γίγνονται,
428 2411 510 2481 ὅταν
527 2439 576 2493 τις
595 2411 683 2501 αὐτῇ
702 2411 875 2500 πιστεύση.

220 2623 356 2673 nusquam
379 2611 409 2660 in
430 2609 531 2688 pinaee
555 2610 765 2660 invenitur-
791 2604 829 2670 ὡς
851 2601 1050 2675 περιάγονται]
1074 2607 1194 2660 Wolfius

221 2675 346 2741 conjecit
367 2695 416 2744 pro
440 2667 641 2756 περιάγοντας,
663 2677 758 2759 (pund
763 2693 908 2743 perperam
931 2691 1024 2728 omnes
1052 2691 1193 2727 manuscr.

220 2743 334 2795 habent.
315 2747 408 2798 tvid.
429 2746 569 2811 praef.—
588 2735 650 2825 ύπη
666 2763 703 2797 αν
722 2731 808 2798 αὗται
827 2736 982 2796 δεικνύωσι
1000 2743 1098 2795 Pseu:
1123 2760 1194 2796 οποι

221 2826 257 2861 αν
278 2805 359 2878 τύχοι
382 2814 418 2862 Μ.
438 2814 488 2868 Pe.
509 2813 596 2877 (certe
615 2806 688 2884 τύγη
710 2813 796 2864 scribi
814 2811 970 2874 debuerat)
989 2815 1037 2862 eut
1055 2810 1194 2863 alterutra

220 2876 337 2929 lectio
329 2896 358 2929 m
382 2884 487 2930 textum
511 2867 678 2946 recipienda
697 2887 745 2932 aut
766 2887 897 2945 utraque
891 2879 1091 2942 removenda,
1119 2879 1195 2944 quod

220 2947 288 2996 mibi
306 2949 425 2999 maxims
438 2948 539 3013 placet.
554 2951 667 3001 Namt
637 2965 654 2999 u
656 2955 755 3014 traque
768 2949 878 3016 glossae
897 2946 1036 3000 simillima
1050 2951 1100 3012 est,
1120 2960 1194 3010 quae

221 3029 255 3064 ex
273 3016 397 3079 margine
416 3017 569 3067 intextum
588 3017 709 3095 irrepsit.

289 3083 350 3134 VII.
375 3075 494 3142 τούτους
512 3084 550 3134 Μ.
569 3085 601 3135 Ρ.
624 3082 727 3135 τοῦτον
750 3086 783 3136 V
801 3083 944 3135 Wolfius
936 3099 965 3132 m
987 3084 1072 3134 notis:
1096 3079 1193 3147 τοῦτο,

220 3163 275 3199 non
294 3149 406 3202 τοῦτον.
428 3150 460 3201 O
481 3151 583 3213 „video
601 3150 681 3202 hoe.“
702 3138 880 3217 -ηῶσπερ
899 3144 994 3233 τηφλη
1018 3147 1067 3202 καὶ
1089 3165 1194 3214 μαινο-

221 3213 293 3285 μένη
313 3234 356 3278 τις
375 3212 451 3271 εἶναι
470 3187 598 3272 ύοκούσα
617 3235 711 3271 omnes
728 3223 843 3285 praeter
860 3219 907 3283 M.,
926 3219 955 3268 in
980 3232 1033 3283 quo
1051 3216 1094 3277 τίς
1113 3218 1195 3268 deest

223 3284 279 3335 vid.
299 3287 389 3351 praef.
424 3289 449 3340 2.
468 3280 577 3340 δέδωκε
594 3288 640 3338 hie
659 3289 729 3352 et8‚
748 3290 773 3340 2.
792 3287 823 3336 P.
842 3285 889 3338 Μ..
900 3256 999 3337 έὸωιιε
1017 3285 1146 3337 hicet8.
1168 3287 1193 3335 2.

223 3353 271 3416 M.,
289 3355 400 3433 quod·
391 3356 515 3406 meuriss
538 3356 647 3407 librarii
669 3354 880 3420 relinquendum
903 3357 947 3405 est
969 3355 1004 3406 ef.
1028 3357 1075 3416 31,
1098 3354 1122 3416 5,
1145 3353 1196 3404 ubi

222 3391 303 3470 bis‘¹
284 3436 303 3471 α
324 3417 503 3474 δέδωκεντε
469 3416 574 3508 -τῆν
593 3416 676 3476 δόσιν
699 3423 800 3502 legitur
818 3420 944 3472 omnibus
968 3436 1104 3474 manuscr.
1129 3435 1195 3470 eon-

222 3489 419 3543 sentientibus.
462 3485 564 3543 absi
594 3506 626 3542 ατ
627 3482 767 3556 ρογγύλου
793 3488 881 3541 λίθου
904 3490 936 3544 P.
959 3489 1003 3538 V.
1031 3480 1078 3540 ἐπὶ
1104 3487 1195 3540 λίθου

222 3550 395 3623 στρογγύλου
414 3558 451 3612 Μ.
469 3551 608 3625 πιστεύσῃ
626 3557 712 3608 Pbed.
732 3559 780 3612 V..
798 3546 919 3622 πιοτεύη
937 3555 975 3609 Μ.
993 3557 1043 3608 Pa.
