2606 4040
1205 7 1217 65 i

1154 137 1168 178 ί

577 221 789 284 ..28-

196 369 340 438 είδέναι·
361 363 611 455 [ἀκριβέστερον
635 363 702 453 γὰρ
720 361 763 433 ἄν
782 390 814 432 τι
831 359 1053 450 συνήκαμεν]
1076 359 1172 431 οὕτω

196 470 253 536 καὶ
285 465 368 536 ἄνευ
399 466 533 536 τούτων
558 469 627 536 τῶν
654 463 865 554 μαθημάτων
892 462 996 534 οὐδέν
1020 464 1171 534 κωλύσει

196 570 365 656 γενέσθαι.

272 661 455 740 XXXIV.
484 674 520 750 Ξ.
543 668 693 759 Πότερον
717 665 822 737 ούδδν
845 668 1048 758 προέχουσιν
1073 656 1170 735 οὗτοι

198 778 236 841 οί,
249 771 476 859 μαθηματικοὶ
486 769 572 861 πρὸς
585 770 625 840 td
634 776 790 859 βελτίους
804 771 964 856 γενέσθαι
972 771 1042 838 τῶν
1051 766 1168 837 ἄλλων

197 871 413 962 ἀνθρώπων,

162 989 178 1038 2
275 983 317 1042 Π.
339 974 420 1052 Πῶς
443 973 605 1062 μέλλουσι
631 973 798 1062 προέχειν,
824 971 959 1040 έπειδδν
978 977 1172 1058 φαίνωνται

196 1073 402 1162 ἠπατημένοι
420 1076 497 1164 περὶ
515 1073 658 1160 ἀγαθῶν
684 1076 741 1142 καὶ
767 1075 895 1162 κακῶν,
921 1069 1034 1162 ὥσπερ
1052 1073 1109 1140 καί
1136 1075 1175 1140 oi

163 1192 179 1241 3
197 1173 305 1263 ἄλλοι,
323 1176 380 1243 καί
396 1181 444 1245 έτι
460 1175 675 1265 κατεχόμενοι
687 1174 758 1244 ύπδ
773 1174 883 1263 πόσης
896 1179 1033 1257 κακίας,
1052 1171 1171 1242 Ούδδν

197 1275 262 1367 χᾶρ
281 1276 417 1366 κωλύει,
436 1277 562 1345 είδέναι
579 1275 642 1365 μὲν
660 1275 854 1367 γράμματα,
880 1278 937 1346 καί
955 1276 1108 1362 κατέχειν
1125 1274 1170 1342 roi

196 1378 380 1466 μαθήματα
404 1379 530 1466 πάντα,
555 1376 681 1466 ὁμοίως
704 1377 742 1448 δὲ
772 1379 925 1466 μέθυσον
950 1378 1008 1464 καὶ
1038 1375 1172 1465 ἀκρατῆ

198 1477 303 1567 εἶναι,
326 1481 384 1546 καί
410 1479 637 1569 φιλάργυρον,
661 1481 718 1549 καί
743 1477 873 1567 ἄδικον,
899 1481 958 1548 καὶ
982 1477 1172 1568 προδότην,

198 1583 255 1648 καὶ
274 1578 312 1648 τδ
332 1580 437 1670 πέρας
455 1578 599 1670 ἄφρονα.

162 1696 179 1745 4
273 1685 310 1761 Ξ.
327 1679 458 1768 Ἀμέλει
475 1682 625 1762 πολλούς
642 1680 819 1760 τοιούτους
839 1682 932 1750 ἐστίν
952 1685 1048 1750 ίδείν.

274 1792 319 1853 Π.
339 1785 420 1863 Πῶς
438 1773 503 1852 οὖν
520 1775 616 1852 οὗτοι
634 1785 850 1874 προέχουσιν,
868 1787 945 1870 ἔφη,
964 1789 1012 1861 εἰς
1029 1780 1067 1849 τό
1086 1789 1172 1870 βελ-

196 1890 292 1963 τίους
310 1882 437 1974 ἄνδρας
455 1887 627 1972 γενέσθαι,
647 1888 745 1954 ἕνεκα
762 1885 896 1954 τούτων
914 1886 983 1952 τῶν
1006 1883 1173 1972 μαθημά-

195 2010 284 2068 των,

273 2080 435 2154 XXXV.
464 2090 500 2165 Ξ.
524 2084 694 2176 Ούδαμῶς
714 2093 883 2174 φαίνεται,
903 2087 939 2154 ἐκ
958 2084 1084 2154 τούτου
1103 2089 1168 2153 τοῦ

197 2185 313 2272 λόχου.
347 2183 448 2256 ’Λλλδι
471 2194 509 2257 τί
526 2189 627 2275 ἐστιν,
651 2193 739 2278 ἔφην
758 2186 837 2275 tyci,
854 2186 894 2256 τὸ
913 2197 1034 2275 αἴτιον,
1053 2183 1103 2254 ὅτι
1130 2188 1171 2254 ἐν

197 2290 244 2377 τῷ
264 2287 413 2379 δευτέρῳ
432 2289 600 2379 περιβόλῳ
619 2293 864 2380 διατρίβουσιν,
883 2285 995 2377 ὥσπερ
1014 2290 1172 2374 ἐγγίζον-

197 2414 251 2468 τες
270 2387 356 2478 πρδς
374 2389 436 2476 τὴν
454 2389 622 2480 ἀληθινὴν
641 2395 827 2474 Παιδείαν,

199 2575 350 2650 ακριβεστ
352 2601 405 2648 ραν
425 2575 553 2652 έχειν,”
533 2602 570 2636 αν
583 2603 611 2637 τι
629 2577 796 2653 σννήκαμεν
831 2589 868 2640 Μ.
887 2587 935 2638 Ρο.
954 2587 987 2638 V.
1007 2585 1169 2650 „Quemad-

197 2653 307 2704 modum
320 2655 402 2718 enirn,
423 2669 493 2719 quae
506 2654 657 2719 aliquando
669 2656 898 2717 pronunciantur,
917 2669 967 2720 per
984 2623 1169 2717 interpretem

198 2718 369 2782 conjicimus,
387 2691 448 2772 dum
468 2721 592 2787 alioqum
604 2737 659 2772 non
675 2722 774 2772 inutile
792 2723 839 2787 eit,
858 2724 883 2772 ui
901 2721 965 2786 quid
981 2721 1169 2786 percepimus,

196 2801 265 2837 voce
293 2802 325 2837 ac
353 2789 450 2864 lingue
473 2789 618 2840 disertiore
642 2788 803 2855 prosequi“.
832 2760 873 2842 O
895 2787 1039 2840 Wolfiue'
1030 2803 1060 2838 ru
1077 2789 1166 2838 notis·

197 2855 319 2905 fortasse
348 2843 406 2906 τόν
424 2872 461 2906 τι.
472 2855 636 2934 Schweigh
656 2857 802 2908 lectionem
830 2857 907 2908 codd.
926 2855 996 2908 Pbd.
1024 2859 1169 2920 tamquam

197 2921 371 3000 probabilem
389 2921 503 2988 recepit.
539 2925 698 2976 Probabilis
722 2930 765 2976 eut
782 2926 858 2990 prior
879 2939 954 2991 pore.
978 2923 1064 2975 verba
1082 2938 1119 2972 αν
1139 2941 1171 2974 τι
1282 2955 1283 2970 r

199 2979 367 3055 συνήκαμεν
383 2990 513 3041 mutilata
511 2991 628 3070 glossa
646 3007 707 3043 esse
723 2993 863 3048 videntur
886 2994 931 3044 Ita
949 2992 1009 3042 fere
1027 2989 1172 3070 glossator
1282 2983 1283 3000 ¹

198 3056 321 3108 scribere
334 3055 482 3114 debueram
476 3048 752 3178 ,ἀκριβέστερον
718 3077 772 3139 χαρ
785 3048 823 3140 V
839 3077 867 3112 τι
884 3059 1018 3125 συνίεμεν
1034 3075 1071 3109 τα
1086 3050 1166 3122 λεγό

198 3115 272 3177 αενύ
289 3139 369 3190 ποτε,
393 3139 430 3202 sp.
450 3121 477 3177 εἰ
494 3142 565 3177 αντο
601 3143 654 3192 την
673 3119 800 3194 φωνὴν
793 3116 974 3193 ηδειμενμ-
991 3119 1112 3178 κωλύσει
1130 3127 1169 3178 Μ.

197 3193 247 3248 Pc
267 3191 313 3243 V:
331 3162 437 3244 κωλύει
454 3193 574 3244 Pbd.-
541 3193 722 3259 -βελτίους
744 3147 904 3274 γενέσθαι]
923 3191 1054 3259 βελτίους
1072 3207 1170 3245 omnes

198 3261 274 3311 codd.
301 3275 374 3310 man.
405 3262 544 3325 ignorant.
581 3263 612 3314 0.
636 3264 666 3313 in
688 3264 748 3317 cod.
765 3263 800 3318 U
825 3267 874 3312 unt
895 3261 1004 3313 invenit
1022 3266 1072 3311 eut
1089 3263 1168 3311 recte

197 3327 345 3394 supplevit.
375 3327 530 3394 Legitur
522 3345 551 3380 m
573 3335 670 3382 vetere
696 3331 738 3382 ed.
762 3331 851 3384 Puris.
879 3329 957 3379 etin
974 3327 1103 3382 Mcibom.
1130 3327 1168 3384 cf.

196 3398 237 3459 33,
255 3398 281 3448 4.
299 3398 342 3460 33,
361 3397 386 3447 ὅ.
405 3397 454 3448 ubi
472 3398 516 3448 bie
535 3398 638 3480 legitur
655 3396 786 3462 βελτίους
806 3413 855 3476 χεν
858 3391 953 3448 έ.σθαι
970 3399 1057 3477 34,1.

265 3462 383 3516 XXXIV
382 3455 684 3540 πότερονούδένΜ.
694 3467 799 3522 Po..:V
811 3480 934 3532 ποτερον
948 3480 1000 3518 ουν
1007 3435 1084 3517 υνδε
1095 3461 1170 3513 Pbd

196 3533 220 3583 3.
241 3522 361 3596 ὁμοίως]
381 3504 475 3597 ομως.Ῥ
