2606 4040
199 255 262 303 xlv
581 241 800 297 PRAEFATIO.

201 405 264 455 tur:
294 389 356 467 ἕως
377 388 411 454 d'
434 385 479 456 dv
506 393 607 475 ἔχωσι
633 391 761 476 ταύτην
782 390 845 478 τὴν
867 392 979 471 δόξαν.
1008 405 1172 477 quamnam

200 479 393 560 opinionem?
421 499 487 542 eam
510 481 643 550 scilieet,
672 499 731 562 qua
759 482 901 545 simulant
923 500 956 543 se
984 483 1062 544 scire
1091 501 1172 562 quae

198 581 304 625 revere
324 566 487 627 nesciunt:
505 567 545 626 ef.
565 565 640 627 Plat.
658 566 748 646 Gorg.
763 562 843 637 464,
866 568 896 630 C.
919 567 1168 646 προσποιούμε-

198 665 253 708 νοι
274 644 338 727 μὲν
360 645 494 720 εἰδέναι,
518 645 645 722 εἰδότες
666 645 704 711 δὲ
726 644 839 712 οὐδέν.
862 653 948 732 Apol.
964 647 1016 724 23,
1033 651 1067 712 D.

283 732 443 795 Nonnullis
471 734 547 796 loeis
575 737 819 815 interpunctione
842 744 955 799 mutata
984 743 1097 797 rectem
1121 739 1168 796 in·

199 820 446 897 terpretetionem
462 818 600 898 adjuvare
617 820 728 881 studui.
757 820 801 881 Ita
816 817 847 892 6,
866 819 904 892 1.,
928 819 982 882 ubi
997 820 1170 899 Schweigh.

199 909 363 981 praeeunte
386 903 537 965 Gronovio
560 904 636 966 salso
659 907 848 984 interpunxit
870 905 1057 985 γυναικῶν,
1081 900 1168 965 ἑται·

199 984 285 1065 ραῖα,
315 1005 384 1049 cum
411 990 513 1068 potius
539 997 608 1069 post
636 983 779 1069 ἑταιρῶν
815 990 1088 1070 interpungendum
1117 992 1166 1050 sit.

199 1067 285 1142 cf.9,
303 1068 331 1130 1.
369 1072 442 1134 Luc.
460 1073 496 1134 de
518 1073 583 1134 salt.
602 1070 651 1135 15.
668 1069 725 1134 καὶ
746 1069 829 1156 παρ’
852 1069 984 1151 ἑταίρας
1004 1067 1171 1152 γυναικὸς

199 1148 261 1215 οὐκ
289 1149 435 1236 ἀπηξίου
462 1154 650 1220 σπουδαῖόν
671 1176 703 1219 τι
732 1153 871 1220 ἀκούειν
898 1157 957 1239 τῆς
976 1152 1166 1232 Ἀσπασίας.

198 1236 250 1310 34,
278 1238 306 1300 1.
331 1260 456 1312 comma,
480 1262 539 1323 quo
562 1243 762 1322 aSchweigh.
779 1252 848 1323 post
869 1245 1099 1324 μαθηματικοί
1119 1245 1168 1304 in-

198 1332 393 1404 terpunctum
423 1333 482 1396 est,
512 1327 671 1389 delendum
700 1336 780 1398 eret,
811 1348 881 1391 curn
909 1330 1066 1408 genetivus
1098 1325 1168 1388 τῶν

199 1402 394 1492 ἀνθρώπων
417 1411 583 1493 dependeat
605 1431 622 1474 a
643 1411 736 1474 verbo
758 1409 974 1494 προέχουσιν.

248 2804 284 2858 Ρ.
295 2829 329 2850 =
341 2804 451 2858 codices
468 2819 543 2858 man.
561 2802 689 2860 Parisini.
726 2801 780 2857 Pa.
792 2827 826 2849 =
837 2802 980 2858 Parisinus
998 2805 1074 2863 nuth.
1089 2809 1163 2860 1858.

198 2889 248 2944 Pb.
269 2913 303 2935 =
322 2887 465 2943 Parisinus
488 2905 564 2942 num.
590 2894 663 2943 1001.
703 2887 753 2944 Pe.
767 2913 801 2936 =
818 2887 969 2943 Parisinus.
993 2905 1068 2944 num.
1091 2893 1166 2944 1774.

197 2974 253 3029 Pd.
276 2998 309 3020 =
330 2972 472 3027 Parisinus
498 2990 575 3026 num.
602 2978 678 3028 2292.
717 2973 758 3028 M.
779 2996 814 3021 =
836 2972 924 3028 eodex
951 2972 1164 3028 Meibomianus.

201 3057 231 3114 V.
244 3083 278 3104 =
287 3057 417 3128 Vulgata.
455 3057 486 3114 O.
498 3083 532 3104 -=
545 3055 646 3112 Odnxii
663 3058 755 3112 versio
773 3056 870 3125 letina,
890 3073 963 3127 quae
976 3056 1101 3112 codicem
1113 3053 1166 3110 Ur·

196 3143 323 3198 binetem
341 3144 545 3212 repraesentet.
585 3142 621 3197 A.
633 3166 666 3188 =
678 3141 769 3196 Arabs
786 3141 992 3212 paraphrastes.

1291 3047 1295 3102 i
