2606 4040
580 191 787 256 ..24-

167 349 183 397 2
278 329 424 403 XXIX.
452 339 490 414 Ξ.
510 339 561 405 Αἱ
583 333 621 403 δὲ
641 337 773 404 ἐκεῖθεν
791 333 1081 426 παραγιγνόμεναι
1100 339 1178 406 ἕτε-

202 463 257 525 ραι
265 451 440 523 γυναῖκες,
454 441 574 526 ἵλαραί
584 461 620 505 τε
633 437 690 504 καὶ
700 439 858 524 γελάσαι,
872 444 961 516 τίνες
968 439 1178 521 καλοῦνται;

278 547 320 608 Π.
341 535 461 626 Δόξαι,
480 542 560 626 ἔφη·
586 539 644 606 καὶ
662 536 852 625 άγαγούσαι
870 538 956 629 πρὸς
978 537 1042 626 τήν
1061 543 1179 610 Παιδ-

201 646 276 708 είαν
300 639 382 719 τούς
400 639 614 719 είςελθόντας
639 638 724 728 πρὸς
754 639 815 734 τάς
843 639 990 729 Ἀρετάς,
1015 638 1179 728 άναιιάμ-

202 761 358 830 πτονσιν,
377 738 470 821 ὅπως
490 743 625 830 ἑτέρους
644 739 808 829 ἀγάγωσι,
826 741 884 810 καλ
908 741 1179 831 άναγγείλωσιν,

202 840 253 910 ότι
271 840 470 929 εὐδαίμονες
489 840 551 930 ήδη
569 842 750 929 γεγόνασιν
768 839 828 922 ούς
844 842 921 912 τότε
939 842 1128 931 άπήγαγον.

166 956 182 1004 3
277 949 313 1024 Ξ.
343 943 496 1034 Πότερον
515 935 591 1032 οὖν,
604 949 692 1032 ἔφην
707 943 787 1034 ἐγώ,
801 934 900 1013 αὗται
914 953 994 1014 εἴσω
1008 943 1095 1031 πρὸς
1108 944 1179 1025 τάς

196 1042 340 1134 Ἀρετάς
359 1045 629 1136 είςπορεύονται;

276 1157 319 1216 Π.
341 1145 451 1236 [’Ἑφη,
473 1144 547 1235 Θή]
571 1145 611 1214 ού
638 1147 704 1236 γάρ
723 1147 820 1234 θέμις
842 1146 958 1228 Δόξαν
977 1147 1179 1235 είςπορεύε-

201 1257 283 1317 σθαι
291 1248 377 1337 πρὸς
390 1247 451 1335 τήν
465 1247 679 1336 Ἐπιστήμην,
697 1246 784 1315 άλλά
801 1250 843 1336 τή
859 1251 1003 1338 Παιδεία
1022 1252 1174 1337 παραθιΨ

167 1349 325 1417 4ὃόασιν
356 1348 492 1434 αύτούς.
526 1347 610 1436 είτα,
641 1345 723 1418 ὅταν
754 1347 775 1435 ή
806 1353 951 1418 Παιδεία
976 1349 1178 1438 παραλάβῃ,

204 1449 484 1538 ἀνακάμπτουσιν
497 1440 598 1519 αὗται
611 1450 725 1539 πάλιν,
739 1449 865 1530 άλλονς
879 1448 1027 1531 άξονσαι·
1057 1447 1176 1539 ὥσπερ

204 1557 243 1620 αἱ
258 1554 348 1639 νήες,
372 1552 414 1620 τά
432 1558 558 1642 φορτία
578 1551 779 1640 ἐξελόμεναι,
805 1553 908 1620 πάλιν
925 1551 1174 1639 άναιιάμπτου-

203 1673 270 1741 σιν,
288 1653 346 1721 καὶ
364 1650 479 1722 άλλων
496 1656 601 1721 τινῶν
613 1661 810 1742 γεμίζοντοιι.

277 1748 403 1822 XXX.
431 1760 468 1834 Ξ.
493 1757 607 1825 Ταῦτα
613 1754 676 1843 μὲν
691 1755 733 1842 δή
746 1756 857 1834 καλῶς
866 1780 922 1841 μοι
931 1757 1057 1841 δοκεῖς,
1073 1760 1177 1843 ἔφην,

204 1856 394 1944 ἕξηγήσθαι.
434 1855 526 1926 Ἀλλ’
557 1859 665 1925 ἐκεῖνο
692 1855 828 1927 ούὸέπω
851 1854 934 1944 ήμῖν
966 1856 1176 1944 ὃεδήλωιιας,

202 1964 238 2024 τί
255 1957 451 2048 προςτάττει
467 1950 505 2026 τό
520 1957 708 2045 Δαιμόνιον
727 1972 799 2037 τοῖς
814 1959 1104 2047 είςπορεοομένοις
1123 1964 1177 2036 εἰς

202 2057 263 2126 τόν
280 2064 359 2145 βίον
377 2073 495 2127 ποιεῖν.

169 2189 185 2236 2
281 2169 323 2228 Π.
346 2162 509 2250 Θαῤῥεῖν,
530 2163 601 2246 ἔφη.
631 2157 682 2227 διὸ
702 2159 759 2227 καλ
773 2157 873 2247 ύμεῖς
890 2162 1066 2250 θαρρεῖτε·
1082 2160 1174 2229 πάν-

202 2287 244 2329 τα
261 2261 328 2350 γάρ
345 2259 431 2348 ύμῖν
457 2261 668 2349 ἐξηγήσομαι,
692 2262 750 2329 καὶ
775 2259 879 2329 οὐδὲν
898 2259 1099 2350 ἀποκρύψω.

279 2368 315 2442 Ξ.
344 2365 468 2441 Καλῶς
488 2363 607 2485 λέγεμς,
627 2368 712 2450 ἔφην
732 2362 807 2447 ἐγω.

340 2461 348 2487 ,
441 2471 449 2492 ,
655 2477 659 2480 ,

201 2563 264 2653 τήν
288 2579 438 2652 γυναῖκα
463 2567 608 2652 ἐκείνην,
631 2561 652 2652 ή
676 2568 773 2633 δοκεῖ
793 2565 906 2651 τνφλή
928 2591 978 2644 τις
996 2562 1095 2654 εἶναι,
1114 2567 1177 2634 καὶ

204 2669 260 2736 ἐπὶ
286 2674 389 2737 λίθον
415 2665 631 2756 στρογγύλου
665 2665 812 2753 ἑστάναι,
837 2663 881 2752 ήν
905 2667 962 2734 καὶ
987 2663 1062 2754 άρτι
1086 2663 1178 2753 ύμῖν

205 2765 303 2837 εἷπον
321 2765 372 2835 ότι
393 2769 488 2856 Τύχη
505 2777 672 2851 καλεῖται;

279 2873 316 2949 Ξ.
340 2867 502 2958 Ὀρῶμεν.

280 2965 427 3040 XXXI.
456 2981 498 3040 Π.
532 2969 647 3058 Ταύτη
667 2970 807 3058 κελεύει,
833 2975 909 3059 ἔφη,
927 2968 972 3058 μή
991 2967 1177 3059 πιστεύειν,

272 3233 372 3288 XXIX.
391 3223 643 3316 παραγιγνόμενοι
662 3234 746 3285 Ροοᾱ.
764 3233 798 3286 V.
818 3234 865 3285 0.·
859 3223 1119 3312 Ιπαραγενόμενοι
1135 3235 1176 3285 Μ.

204 3301 440 3420 φὲλξξῶἐαιιλη
457 3300 535 3362 τίνες
553 3298 712 3354 καλοῦνται
730 3303 768 3355 M.
786 3300 852 3355 Pcd.
871 3301 905 3352 V.
923 3303 970 3354 0.:
989 3300 1067 3360 τίνες
1085 3318 1176 3354 ααται

271 3436 359 3488 XXX.
377 3439 404 3487 2.
422 3429 492 3503 ύμῖν
511 3428 687 3503 ἐξηγήσομαι
705 3437 757 3488 M.:
782 3427 958 3502 ἐξηγήσομαι
978 3435 1064 3486 Pbed.
1085 3433 1116 3484 V.
1136 3435 1172 3492 0.

204 3530 239 3540 -
258 3493 420 3569 άποιιρύψω
438 3504 490 3559 M.:
508 3503 682 3570 παραλείψω
699 3504 785 3559 Pbcd.
803 3505 837 3555 V.
