2606 4040
178 271 216 319 v1
558 257 776 309 PRAEFATIO.

179 428 265 492 quae,
290 417 324 470 ut
346 411 413 470 lieri
435 409 512 471 solet
536 413 567 472 in
589 410 678 471 libris
701 411 811 490 cupide
833 411 993 482 lectitatis,
1017 432 1034 473 a
1056 412 1150 474 leoto-

178 494 267 556 ribus
290 503 319 555 et
342 494 571 557 correctoribus
586 497 718 556 orationi
741 498 931 566 intersertae,
955 497 1000 559 vel
1019 516 1055 558 ex
1070 516 1149 558 mar·

178 582 249 660 gine
273 579 362 659 culpa
384 579 583 641 librariorum
599 583 631 641 in
653 587 768 643 textum
783 589 923 660 receptae
946 588 1025 643 sunt.
1060 580 1150 660 Cujus

178 667 225 726 rei
249 665 386 744 exempla
408 666 489 726 inlra
512 665 624 726 affatim
647 664 853 745 suppeditabit
875 667 1023 746 praelatio
1047 672 1077 727 et
1099 685 1149 746 ap·
1181 702 1185 708 >
1298 711 1299 720 ,

177 757 303 829 paratus
331 750 467 810 criticus
512 750 550 811 Et
572 751 702 811 maxime
724 750 846 829 quidem
872 750 981 828 glossis
1003 753 1149 812 contami·
1193 745 1197 751 ’

178 840 335 895 natusest
357 833 413 896 Pb.
431 842 461 896 et
483 838 535 914 qui
558 835 736 913 plerumque
756 853 828 896 cum
851 852 886 895 eo
910 837 1062 897 consentit
1083 835 1149 906 Po..

177 920 305 980 minime
335 919 390 989 lll.,
420 917 505 999 cujus
533 922 608 981 vitia
636 919 795 980 admodum
823 919 933 989 multa,
966 920 1055 980 modo
1089 938 1151 981 non

179 1005 295 1072 omnia,
325 1004 463 1066 incuriae
486 1003 607 1066 librarii
629 1002 791 1065 tribuenda
814 1023 879 1065 esse
904 1004 1059 1076 videntur,
1089 1022 1150 1065 non

178 1086 295 1157 codIci,
331 1107 367 1148 ex
398 1098 460 1168 quo
484 1091 703 1167 transscriptus
732 1097 792 1159 est,
827 1107 896 1150 cum
925 1088 1047 1152 codices
1074 1088 1150 1149 Pbd.

178 1172 282 1234 multis
311 1173 388 1234 locis
415 1191 539 1236 manum
562 1175 746 1237 correctoris
773 1173 913 1253 prodant.
957 1175 995 1235 Et
1018 1175 1060 1234 ita
1082 1175 1149 1254 qui-

178 1258 246 1319 dem
267 1275 334 1317 rem
358 1276 423 1318 sese
445 1257 561 1320 habere
584 1277 619 1321 eo
642 1276 762 1338 quoque
790 1259 986 1320 confirmatur
1008 1258 1088 1337 quod
1110 1257 1148 1320 M.

178 1344 354 1422 saepissime
378 1345 530 1405 consentit
552 1362 623 1404 cum
643 1343 696 1404 Pa.

262 1427 400 1506 Denique
428 1446 531 1490 omnes
560 1428 682 1490 codices
709 1445 788 1488 man.
811 1429 904 1488 variis
933 1425 1050 1488 mendis
1080 1444 1147 1488 cor-

177 1515 260 1591 rupti
282 1519 367 1581 sunt‚
396 1530 522 1592 quarum
551 1512 645 1573 multa
672 1511 799 1589 singulis
829 1510 998 1590 quibusque
1027 1514 1150 1590 propria

178 1604 257 1667 sunt,
281 1596 363 1657 haud
383 1615 479 1675 pauca
501 1615 537 1658 ex
553 1598 707 1658 communi
723 1597 859 1656 omnium
880 1595 964 1655 sonte
985 1594 1148 1656 fluxerunt.

264 1681 329 1741 'lali
358 1681 498 1744 codicum
532 1700 613 1742 man.
642 1679 816 1742 conditione
845 1679 912 1739 fieri
945 1696 1006 1739 non
1039 1686 1147 1757 potest,

177 1767 252 1846 quin
274 1764 369 1826 multa
384 1784 445 1827 non
460 1773 578 1827 tentum
593 1765 706 1826 leviora
728 1763 781 1825 sed
796 1765 934 1842 graviora
950 1765 1041 1824 etiam
1056 1762 1150 1824 dubia

178 1857 208 1910 et
229 1852 349 1910 incerta
371 1859 526 1920 maneant,
550 1869 626 1931 quae
650 1851 741 1911 etiam
762 1847 942 1918 manebunt,
971 1848 1067 1908 donec
1090 1848 1150 1909 alia

177 1935 305 1995 meliora
328 1937 451 1996 critices
474 1933 646 2014 adjumenta
668 1935 862 1994 inveniantur
883 1939 914 1993 et
936 1931 1147 1994 adhibeantur.

177 2019 314 2080 bosane
339 2018 398 2080 duo
422 2018 544 2080 codices
565 2037 606 2078 m.
631 2017 729 2079 adhuc
752 2016 885 2078 nondum
902 2019 1022 2078 excussi
1046 2025 1148 2080 extare

177 2103 327 2164 videntur.
359 2102 413 2163 Est
436 2106 517 2166 enim
532 2102 802 2180 Schweighdusero
824 2109 901 2163 teste
925 2105 958 2163 in
980 2100 1056 2162 bibl.
1072 2102 1148 2163 Lau·

177 2189 316 2248 rentiana
337 2187 473 2249 Medicea
495 2186 562 2249 cod.
586 2205 665 2249 saec.
690 2186 755 2248 XVI
778 2188 926 2267 scriptus,
952 2187 1093 2247 desinens
1117 2189 1149 2247 in

177 2272 280 2334 verbis
307 2265 395 2352 γυνὴ
424 2273 656 2352 καθεστηκυῖα
679 2264 813 2352 εὐειδής
839 2290 890 2344 τις
912 2265 1059 2348 κάθηται
1081 2289 1146 2348 cap.

177 2353 229 2426 21,
254 2353 283 2427 3,
309 2355 394 2436 cujus
416 2359 555 2418 meminit
570 2357 737 2419 Bandlnius
753 2358 783 2417 in
801 2353 894 2416 Catal.
912 2353 987 2415 bibl.
1004 2354 1147 2415 Laurent.

178 2442 262 2502 Tam.
286 2440 323 2511 ll,
347 2461 377 2521 p.
396 2437 469 2502 423.
514 2441 597 2503 Alter
620 2448 665 2503 est
689 2441 755 2504 cod.
779 2457 858 2499 man.
883 2438 958 2499 bibl.
982 2437 1148 2510 Urbinatis,

178 2545 214 2586 cx
238 2544 296 2605 quc
316 2524 486 2587 Ludovicus
502 2525 636 2587 Odaxius
651 2525 821 2594 Patavium,
844 2540 953 2602 magno
976 2523 1022 2584 illi
1044 2523 1148 2585 litera·

177 2630 246 2672 rum
261 2612 459 2672 instauratori
474 2610 589 2688 Angelo
604 2609 754 2672 Politiano
769 2608 849 2669 haud
865 2611 972 2687 impar,
990 2608 1147 2680 Gnidonis,

67 2697 76 2701 ”
177 2694 334 2757 Urbinatis
355 2696 463 2766 Ducis,
487 2697 677 2772 gratissimus
699 2693 850 2774 quondam
871 2699 1069 2773 praeceptor,
1092 2694 1148 2754 Ta-

179 2779 282 2842 bulam
304 2778 427 2841 Cebetis
454 2780 547 2841 latine
569 2782 676 2851 vertit,
701 2779 868 2857 elegantius
890 2778 1029 2857 quidem,
1059 2797 1148 2858 quam

178 2864 307 2926 fidelius
352 2864 426 2925 Eam
460 2867 632 2926 versionem
667 2864 803 2933 Camers,
838 2863 954 2925 ordinis
987 2863 1147 2932 Minorum,

54 2991 62 2998 ..
180 2969 203 3010 s.
228 2948 399 3028 theologiae
422 2949 538 3019 doctor,
563 2951 614 3028 qui
638 2951 754 3028 etipse
775 2946 895 3027 juvenis
916 2947 1027 3010 Urbini
1049 2949 1148 3009 literis

179 3050 302 3114 operam
334 3033 416 3094 dedit
439 3041 469 3094 et
497 3032 645 3095 Odaxium
672 3035 825 3111 cognovit,
856 3035 1072 3094 commentario
1101 3033 1147 3092 in-

179 3121 300 3180 struxit.
335 3117 364 3178 ls
379 3118 473 3179 codex
495 3137 535 3179 m.
553 3137 622 3180 cum
645 3117 839 3188 lectionibus,
864 3117 976 3196 quibus
998 3116 1148 3195 avulgata

179 3203 318 3272 discedit,
342 3209 406 3264 tam
430 3205 605 3282 integritate
627 3211 770 3283 praestat.
793 3201 912 3264 Desinit
935 3202 1017 3262 enim
1040 3203 1072 3262 in
1095 3203 1147 3262 iis-

179 3288 248 3349 dem
270 3287 373 3349 verbis
396 3287 506 3368 quibus
529 3289 720 3366 integerrimi
742 3287 817 3349 Phd.
850 3286 920 3365 Gap.
940 3281 988 3355 14,
1011 3282 1041 3346 2.
1066 3303 1147 3363 mag·

179 3391 249 3433 nam
271 3373 410 3434 lacunam
432 3372 540 3434 habet:
565 3369 606 3452 νὴ
630 3371 700 3434 Δία
723 3370 746 3453 [.
767 3419 773 3432 .
794 3418 800 3430 .
821 3417 827 3431 .
851 3363 894 3450 νὴ
910 3367 1005 3450 Δία].
1037 3371 1148 3433 Contra

181 3476 218 3518 eo
240 3457 323 3527 loco,
356 3476 415 3537 quo
440 3475 544 3519 omnes
566 3457 634 3518 cdd.
658 3457 755 3519 adhuc
779 3457 898 3518 excussi
926 3456 1066 3517 lacunam
1094 3457 1147 3517 ha·

180 3541 262 3614 bent,
286 3563 312 3606 c.
329 3539 380 3613 35,
404 3540 434 3606 3.
457 3546 577 3628 integer
600 3549 653 3614 est,
676 3543 736 3604 nisi
758 3541 889 3604 Odaxius
912 3560 949 3604 ex
972 3539 1147 3622 conjectura
