2606 4040
502 281 719 334 Psnunnrm.
1061 297 1100 344 ,X

131 435 280 498 describit
301 444 453 516 tamquam
474 441 631 512 γυναῖκα,
654 423 678 514 η’
700 431 797 495 δοκεῖ
815 431 928 515 τυφλή
942 453 992 507 τις
1014 425 1101 496 εἶναι

129 540 190 584 una
213 521 359 582 caecitate
389 527 491 599 utpote
515 521 666 598 imprimis
695 521 808 598 insigni
832 518 986 581 attributa.
1024 522 1100 586 Turn

128 613 202 668 vero
223 604 316 667 verba
339 607 435 674 senis,
465 623 541 685 quae
564 606 665 664 statim
694 603 920 683 subsequuntur
943 603 1024 667 clare
1052 608 1098 666 in·

130 691 233 752 dicant
261 690 344 752 illam
365 707 471 750 vocem
494 688 582 768 culpa
610 688 731 750 librarii
758 691 903 750 insertam
926 707 1002 750 esse.
1040 689 1099 751 Re·

129 774 257 856 spondet
279 777 361 835 enim
383 791 493 835 senex:
517 771 669 833 καλεῖται
691 769 754 851 μὲν
774 769 882 852 Τύχη
905 769 1034 834 ἔστιδὲ
1057 765 1099 834 οὐ

128 855 237 940 μόνον
258 855 385 940 cupii,
408 850 495 918 ἀλλὰ
516 852 574 918 καὶ
595 853 781 938 μαινομένη
804 853 860 918 καὶ
881 853 982 937 κωφή
989 903 999 938 ‚
1022 877 1098 938 quae

128 943 251 1024 quidem
264 942 364 1004 'verba
386 943 448 1004 lac.
473 943 641 1004 Gronovius
664 944 696 1003 in
722 944 802 1003 notis
831 940 959 1003 editioni
987 941 1098 1004 additis

126 1047 157 1110 p.
183 1023 253 1088 120.
277 1027 502 1109 transponenda
525 1045 592 1088 esse
614 1029 747 1088 censuit:
772 1023 843 1088 ἐστὶ
866 1023 904 1086 δὲ
925 1021 968 1088 οὐ
990 1023 1099 1106 μόνον

126 1109 241 1193 rupit}
264 1107 322 1173 καὶ
343 1107 544 1192 μαινομένη,
568 1104 654 1172 ἄλλα
677 1104 735 1172 καὶ
756 1106 875 1190 κωφή,
898 1131 974 1191 quae
997 1119 1096 1173 trans·

126 1200 238 1276 positio
260 1200 310 1258 vix
332 1196 507 1258 verisimilis
523 1203 568 1256 est
590 1200 742 1275 scriptura
764 1193 913 1256 librorum
935 1215 997 1257 non
1019 1199 1096 1257 vari-

127 1290 205 1343 ante.
234 1282 337 1343 Tertia
353 1297 452 1350 causa,
477 1299 532 1342 eur
547 1281 598 1341 hie
614 1280 807 1342 statuendum
823 1298 888 1341 esse
904 1281 1095 1351 contendam,

127 1373 173 1428 est
193 1367 279 1428 locus
300 1366 490 1447 pronomlnis
512 1361 562 1437 τίς
583 1367 672 1509 plane
687 1364 837 1426 insolitus.
867 1365 940 1426 Nam
957 1372 1096 1445 expecta·

126 1469 194 1594 prus
206 1453 317 1596 2potius
339 1445 453 1530 τυφλή
473 1467 525 1521 τις
539 1469 582 1510 κα
618 1442 816 1530 μαινομένη,
841 1451 880 1510 cl.
896 1446 926 1519 2,
942 1446 973 1510 2.
999 1447 1047 1520 10,
1066 1448 1094 1510 1.

148 1547 182 1606 i),
230 1582 238 1596 .

210 1621 284 1680 Eam
307 1620 345 1682 ob
369 1621 497 1680 causam
513 1638 549 1680 eo
576 1619 659 1688 loeo,
689 1620 742 1697 qui
764 1626 809 1678 est
829 1545 887 1690 26,
911 1615 941 1679 3.
966 1611 1096 1679 οὐκοῦν

126 1698 184 1764 ἐπὶ
205 1703 267 1764 τοῦ
288 1701 505 1784 προπυλαίου
527 1697 615 1783 γυνη
638 1705 871 1783 καθεστηκυῖα
892 1693 1025 1784 εὐειδής
1046 1721 1096 1774 τις

127 1785 274 1868 κάθηται
293 1805 351 1850 vox
373 1789 604 1867 καθεστηκυῖα
620 1794 760 1866 suspecta
775 1796 829 1847 est.
861 1786 982 1849 Etenim
998 1791 1024 1848 si
1039 1805 1096 1867 pro

125 1871 273 1952 adjectivo
301 1874 465 1952 accipitur,
495 1875 552 1942 ita,
581 1880 615 1933 ut
638 1873 788 1949 significet
816 1879 957 1932 constans
987 1880 1094 1942 aetate,

5 1944 10 1964 ’
126 1959 205 2019 sicut
227 1961 260 2019 in
281 1957 424 2038 Hippocr.
442 1957 546 2036 aphor.
565 1954 598 2028 1,
617 1953 666 2017 13.
690 1963 853 2036 usurpatur
875 1951 912 2015 οί
929 1958 1094 2036 καθεστη-

124 2038 219 2114 κότες
242 2039 292 2121 (cl.
308 2041 376 2102 τίν.
395 2037 444 2112 18,
463 2039 491 2101 l.
509 2035 559 2102 ὅτι
580 2035 733 2122 γυνήσας
756 2034 828 2102 ἐστὶ
849 2033 935 2120 καλὴ
957 2033 1014 2101 καὶ
1036 2059 1094 2100 κα-

123 2128 312 2207 θεστηκυῖα
338 2119 376 2186 τὸ
399 2121 600 2204 πρόσωπον,
623 2127 755 2188 formosa
778 2133 807 2186 et
830 2127 981 2186 constanti
1005 2125 1091 2206 facie)

124 2219 332 2291 exspectamus
354 2213 455 2290 potius
477 2205 567 2288 γυνή
593 2230 643 2282 τις
664 2211 896 2289 καθεστηκυῖα
923 2203 979 2268 καὶ
1009 2205 1092 2270 εὐει-

123 2292 193 2375 δής.
229 2295 303 2356 Nam
327 2295 358 2355 id
381 2313 500 2374 quoque
529 2294 694 2355 notandum
717 2302 763 2354 est
790 2312 939 2374 nusquam
967 2295 1000 2355 in
1022 2293 1091 2354 τίν.

7 2374 10 2383 ’
124 2381 198 2441 duas
228 2383 369 2442 notiones
397 2373 604 2450 ἆσυνδέτας,
638 2379 691 2439 sed
720 2378 834 2458 ubique
864 2386 915 2440 aut
943 2379 1093 2457 particula

122 2461 183 2524 καί
202 2472 252 2526 aut
274 2465 433 2544 particulis
455 2458 583 2523 τέ-καί
600 2461 753 2542 conjungi,
778 2482 847 2525 eum
869 2463 972 2543 plures
995 2467 1092 2524 notio·

124 2567 177 2609 nes
206 2548 367 2628 aliquando
396 2549 530 2629 quamvis
564 2550 663 2608 rarius
694 2541 887 2618 ἄσυνδέτυς
914 2547 1092 2626 conjunctae

122 2635 323 2703 inveniantur,
347 2633 442 2695 soleat
463 2639 564 2693 tamen
586 2631 647 2692 καί
665 2635 774 2713 repeti.
804 2635 843 2693 cl.
858 2633 945 2692 Reitz
968 2633 1004 2692 ad
1019 2632 1091 2693 Luc.

122 2717 250 2778 lcarom.
272 2735 341 2796 pag.
359 2715 410 2778 18.
434 2717 454 2777 l.
472 2712 502 2777 8.
540 2716 655 2789 Quodsi
675 2735 747 2777 vero
770 2735 827 2796 pro
849 2717 1011 2796 participio
1034 2735 1091 2776 κα-

120 2804 309 2880 θεστηκυῖα
332 2803 514 2883 accipimus,
538 2804 619 2862 sicut
634 2800 767 2862 Odaxius
790 2803 924 2880 accepit,
949 2804 1001 2880 qui
1024 2820 1091 2862 ver·

4 2889 6 2906 '
120 2888 172 2947 tit:
206 2885 315 2946 Mulier
348 2886 535 2965 praecellens
563 2887 595 2946 iu
623 2885 772 2946 vestibulo
805 2889 969 2947 constituta
1001 2905 1091 2966 super

6 2971 12 3001 '⁸
122 2970 231 3032 solium
248 2969 402 3031 excelsum
418 2971 511 3041 sedet,
534 2969 706 3041 Dirbnerus,
729 2973 781 3052 qui
797 2970 905 3032 Odaxii
920 2973 1090 3031 versionem

6 3100 12 3130 η.
121 3054 278 3134 paululum
301 3057 438 3125 mutavit,
461 3055 524 3124 alii,
548 3055 624 3116 mihi
640 3055 762 3136 quidem
778 3074 885 3117 sensus
900 3054 1002 3116 nullus
1025 3073 1090 3116 esse

6 3188 9 3197 .
120 3138 249 3200 videtur.
287 3139 357 3200 ldeo
380 3142 428 3201 vix
451 3139 579 3201 dubium
600 3147 661 3208 est,
684 3142 758 3220 quin
781 3158 818 3201 ex
840 3139 991 3200 similibus
1014 3139 1090 3200 locis

121 3221 150 3293 9,
168 3221 195 3284 1.
214 3220 263 3294 16,
281 3222 309 3284 1.
332 3242 438 3286 vocem
453 3226 684 3304 καθεστηκυῖα
699 3224 788 3304 culpa
803 3224 925 3285 librarii
940 3224 999 3283 hue
1023 3222 1088 3284 illa·

6 3290 10 3325 ²
120 3316 181 3368 tam
204 3327 280 3369 esse.

205 3393 353 3454 Similiter
377 3391 474 3462 11,=1.
498 3385 561 3472 την
578 3384 783 3471 Ἐκιθυμίαν
806 3391 894 3471 eulpa
909 3391 1030 3453 librarii
1053 3409 1089 3452 ex

119 3477 186 3538 loco
209 3479 262 3557 qui
285 3486 330 3539 est
353 3473 387 3548 6,
410 3474 441 3538 2.
466 3464 567 3537 αὗται
587 3475 707 3537 τοίνυν
728 3472 853 3554 Δόξαι,
876 3472 934 3536 καὶ
954 3470 1088 3536 Ἐπιθυ-

118 3559 207 3641 μίατ,
237 3557 295 3622 καὶ
312 3554 452 3623 Ἡδοναὶ
473 3559 657 3623 καλοῦνται
684 3565 782 3623 textui
809 3561 921 3622 illatam
950 3579 1015 3623 esse
1038 3579 1087 3621 su·
