2606 4040
488 1133 769 1211 PRAEFATIO.

229 1341 286 1402 llio
308 1355 428 1418 quoque
459 1336 599 1409 libellus,
628 1341 655 1400 si
677 1342 746 1417 quis
768 1339 859 1410 alius,
888 1358 943 1403 sna
975 1344 1038 1404 iata
1060 1342 1113 1404 ha-

144 1429 221 1489 buit.
265 1423 340 1485 Nam
368 1431 397 1484 et
426 1422 580 1484 veteribus
609 1431 638 1484 et
666 1423 891 1486 recentioribus
923 1426 1114 1508 temporibus

145 1531 215 1574 cum
237 1510 437 1572 admiratione
459 1507 528 1589 plus
551 1526 641 1590 quam
663 1509 782 1570 modica
804 1509 958 1572 lectitatus
980 1519 1043 1582 est,
1072 1515 1113 1574 si·

143 1596 268 1678 quidem
294 1593 446 1655 Luciacus
474 1611 544 1654 eum
572 1591 620 1653 bis
649 1594 738 1665 citat,
771 1597 960 1676 propinquus
992 1597 1114 1677 quidam

143 1679 325 1743 Tertulliani
348 1679 507 1740 materiam
530 1675 604 1756 ejus,
628 1679 688 1738 nisi
704 1680 806 1740 omnia
828 1679 945 1750 fallunt,
969 1683 1002 1742 in
1024 1700 1114 1744 nsmn

142 1765 385 1828 Cluistianorum
406 1763 526 1843 poetice
548 1765 699 1832 tractavit,
723 1765 898 1826 instauratis
921 1784 992 1827 vero
1014 1765 1114 1828 literis

144 1849 293 1930 usquead
315 1849 438 1908 initium
453 1843 544 1925 hujus
567 1847 681 1908 saeculi
704 1849 736 1908 in
751 1866 840 1910 usum
855 1849 1029 1912 scholarum
1050 1858 1113 1912 tam

142 1953 231 2014 saepe
260 1933 359 1994 editus
381 1938 441 2002 est,
471 1948 561 2011 quam
583 1933 632 1992 vix
660 1931 742 1993 aliud
769 1934 934 2013 quidquam
962 1935 1112 2014 exempla·

142 2022 224 2080 rium
245 2035 433 2097 graecorum.
478 2015 553 2077 blire
576 2018 657 2078 enim
685 2016 835 2078 lectorum
863 2021 979 2082 animos
1008 2019 1111 2081 allexit

81 2121 84 2125 ·
143 2122 212 2166 cum
233 2109 358 2183 propter
380 2108 591 2179 argumentum
606 2104 718 2181 quippe
741 2101 778 2164 ad
800 2103 921 2165 etbioen
943 2107 1112 2185 pertinens,

141 2196 207 2249 tum
229 2194 354 2267 propter
377 2185 570 2264 allegoricam
592 2187 731 2257 sormam,
754 2189 796 2248 ita
818 2196 851 2249 ut
866 2188 970 2250 Jacob.
995 2190 1110 2251 Grono-

141 2275 207 2333 vius
229 2289 261 2332 se
284 2290 300 2332 a
322 2273 420 2350 prima
448 2277 545 2332 aetate
567 2272 600 2331 iu
623 2271 719 2332 oculis
741 2273 870 2352 sinuque
899 2291 1111 2354 emnsemper

140 2359 269 2436 gessisse
295 2355 495 2438 praedicaret.

225 2440 322 2503 Cebes
345 2447 459 2510 autem,
488 2441 619 2519 scriptor
641 2437 731 2518 hujus
753 2440 880 2519 dialogi,
910 2445 979 2524 quis
1007 2445 1110 2512 suerit,

140 2545 200 2608 quo
222 2533 359 2605 tempore
387 2525 512 2596 vixerit,
542 2523 639 2584 adbuc
662 2524 718 2585 sub
745 2523 847 2604 judice
875 2526 914 2587 lis
937 2535 992 2588 est.
1038 2527 1109 2588 Plu·

140 2613 212 2672 rimi
235 2609 382 2680 editores,
411 2611 444 2671 in
467 2607 578 2689 quibus
601 2617 646 2670 est
669 2609 970 2690 Schweigbaiuserus,
995 2614 1109 2692 optime

140 2697 276 2757 omnium
291 2695 328 2755 de
343 2702 428 2756 textu
450 2695 586 2763 meritus,
604 2703 789 2756 censuerunt
812 2714 880 2757 eum
896 2702 1002 2756 notum
1023 2695 1111 2758 illum
1226 2713 1232 2722 ·

139 2779 325 2850 Thebanum,
349 2779 483 2840 Socratis
506 2777 699 2857 discipulum,
723 2797 799 2841 esse.
826 2780 949 2851 Eorum,
973 2783 1027 2860 qui
1049 2781 1110 2842 dis·

140 2873 312 2935 senserunt,
336 2863 414 2925 alius
435 2863 526 2924 aliam
541 2865 723 2924 senteutiam
744 2863 862 2927 babuit.
896 2865 1055 2945 Equidem,
1080 2873 1111 2927 et

139 2956 319 3029 argmnento
341 2957 371 3010 et
393 2949 506 3019 torma,
529 2949 658 3008 maxime
681 2967 752 3009 vero
775 2949 938 3011 verborum
959 2950 1110 3030 supellec-

139 3034 193 3096 tile
216 3035 325 3095 ductus
347 3050 526 3113 persuasum
547 3031 645 3094 babeo
668 3032 811 3096 Cebetem
839 3034 994 3096 rhetorem
1015 3036 1110 3098 luisse

140 3119 187 3182 vel
209 3119 382 3180 Stoicorum
404 3116 451 3178 vel
474 3117 656 3196 Cynicorum
684 3126 784 3180 sectae
813 3118 967 3181 addictum
989 3126 1020 3181 et
1042 3128 1111 3199 post

139 3203 267 3265 Dionem
282 3203 536 3282 chrysostomum,
561 3208 629 3262 ante
644 3201 813 3266 Luoianum
834 3205 954 3265 vixisse.
986 3205 1046 3266 Cur
1068 3207 1110 3266 ita

139 3295 283 3360 statuam,
312 3289 447 3367 quamvis
468 3285 619 3365 Diogenes
640 3285 779 3350 Laertius
807 3297 837 3350 et
860 3288 968 3350 Suidas
996 3289 1110 3350 diserte

139 3372 311 3444 obtineant,
345 3371 503 3440 Cebetem,
538 3371 719 3451 scriptorem
758 3373 893 3442 Pinacis‚
931 3373 1110 3435 'l'bebanum

138 3473 221 3527 esse,
251 3459 386 3520 Socratis
415 3455 613 3534 discipulum,
645 3456 695 3518 hic
718 3464 848 3528 nonest
875 3457 961 3520 locus
985 3458 1108 3518 demon-

138 3549 245 3604 strare.

867 3639 903 3692 1*
